Sub-Category,Total_Sales,Order ID,Ship Date,Ship Mode,Customer ID,Customer Name,Segment,Country,City,State,Region,Product ID,Category,Product Name,Total_Discount,Dates,Total_profit
Phones,10.9,CA-2016-133340,12/13/2016,Standard Class,LH-17155,Logan Haushalter,Consumer,United States,Jackson,Michigan,Central,TEC-PH-10003988,Technology,"LF Elite 3D Dazzle Designer Hard Case Cover, Lf Stylus Pen and Wiper For Apple Iphone 5c Mini Lite",0,12-9-2016,13.952
Phones,10.95,CA-2015-112452,4/4/2015,Same Day,NC-18340,Nat Carroll,Consumer,United States,Lansing,Michigan,Central,TEC-PH-10000307,Technology,Shocksock Galaxy S4 Armband,0,4-4-2015,11.388
Phones,100.49,CA-2015-121608,5/9/2015,First Class,JB-15400,Jennifer Braxton,Corporate,United States,Bristol,Connecticut,East,TEC-PH-10004959,Technology,Classic Ivory Antique Telephone ZL1810,0,9-3-2015,125.6125
Phones,100.792,CA-2014-103849,5/16/2014,Standard Class,PG-18895,Paul Gonzalez,Consumer,United States,Fort Worth,Texas,Central,TEC-PH-10002597,Technology,Xblue XB-1670-86 X16 Small Office Telephone - Titanium,20.1584,5-11-2014,107.0915
Phones,100.792,CA-2015-113628,11/19/2015,Standard Class,AH-10690,Anna Häberlin,Corporate,United States,Plantation,Florida,South,TEC-PH-10000441,Technology,VTech DS6151,20.1584,11-12-2015,110.8712
Phones,1000.728,CA-2016-156265,4/8/2016,Second Class,BF-11020,Barry Französisch,Corporate,United States,Los Angeles,California,West,TEC-PH-10001918,Technology,Nortel Business Series Terminal T7208 Digital phone,66.7152,8-2-2016,1034.0856
Phones,1000.728,CA-2017-135937,2/27/2017,Standard Class,KM-16375,Katherine Murray,Home Office,United States,Gilbert,Arizona,West,TEC-PH-10004447,Technology,Toshiba IPT2010-SD IP Telephone,66.7152,20-2-2017,1025.7462
Phones,1000.728,US-2014-126340,11/14/2014,Standard Class,EB-13870,Emily Burns,Consumer,United States,Redding,California,West,TEC-PH-10004447,Technology,Toshiba IPT2010-SD IP Telephone,66.7152,11-8-2014,1025.7462
Phones,10108.152,US-2017-166688,5/26/2017,Standard Class,RD-19480,Rick Duston,Consumer,United States,Las Vegas,Nevada,West,TEC-PH-10004094,Technology,Motorola L703CM,224.6256,20-5-2017,10178.3475
Phones,1020.546,CA-2016-127243,4/12/2016,Standard Class,DS-13180,David Smith,Corporate,United States,Philadelphia,Pennsylvania,East,TEC-PH-10004539,Technology,Wireless Extenders zBoost YX545 SOHO Signal Booster,136.0728,28-11-2016,946.8399
Phones,103.192,CA-2017-105487,10/14/2017,Standard Class,CS-12250,Chris Selesnick,Corporate,United States,San Diego,California,West,TEC-PH-10001336,Technology,Digium D40 VoIP phone,20.6384,10-8-2017,114.8011
Phones,1030.5,CA-2017-113705,3/29/2017,Second Class,LC-16870,Lena Cacioppo,Consumer,United States,Richmond,Virginia,South,TEC-PH-10004006,Technology,Panasonic KX - TS880B Telephone,0,27-3-2017,1086.147
Phones,1030.5,CA-2017-163629,11/21/2017,Standard Class,RA-19885,Ruben Ausman,Corporate,United States,Athens,Georgia,South,TEC-PH-10004006,Technology,Panasonic KX - TS880B Telephone,0,17-11-2017,1086.147
Phones,10310.4,CA-2015-135622,11/12/2015,Second Class,TT-21460,Tonja Turnell,Home Office,United States,Fort Worth,Texas,Central,TEC-PH-10001817,Technology,Wilson Electronics DB Pro Signal Booster,343.68,12-8-2015,10460.76
Phones,1035.8,CA-2016-128517,4/14/2016,Second Class,SW-20350,Sean Wendt,Home Office,United States,Detroit,Michigan,Central,TEC-PH-10002555,Technology,Nortel Meridian M5316 Digital phone,0,4-9-2016,1170.454
Phones,1039.84,CA-2016-167682,9/4/2016,Standard Class,ZD-21925,Zuschuss Donatelli,Consumer,United States,Richmond,Indiana,Central,TEC-PH-10000673,Technology,Plantronics Voyager Pro HD - Bluetooth Headset,0,4-3-2016,1164.6208
Phones,1043.64,CA-2015-153752,11/12/2015,Second Class,RO-19780,Rose O'Brian,Consumer,United States,Arlington,Virginia,South,TEC-PH-10001615,Technology,AT&T CL82213,0,12-6-2015,1094.0826
Phones,1043.91,US-2017-139465,8/30/2017,First Class,MR-17545,Mathew Reese,Home Office,United States,New York City,New York,East,TEC-PH-10000455,Technology,GE 30522EE2,0,27-8-2017,1144.8213
Phones,105.504,CA-2015-128608,1/17/2015,Standard Class,CS-12490,Cindy Schnelling,Corporate,United States,Toledo,Ohio,East,TEC-PH-10000912,Technology,Anker 24W Portable Micro USB Car Charger,10.5504,1-12-2015,108.1416
Phones,1055.84,CA-2015-134747,10/17/2015,Second Class,DL-12925,Daniel Lacy,Consumer,United States,Noblesville,Indiana,Central,TEC-PH-10001750,Technology,Samsung Rugby III,0,10-12-2015,1127.1092
Phones,1055.84,CA-2016-132997,9/11/2016,First Class,LW-17215,Luke Weiss,Consumer,United States,Rochester,New York,East,TEC-PH-10000586,Technology,AT&T SB67148 SynJ,0,11-7-2016,1127.1092
Phones,1055.84,US-2015-151407,12/11/2015,Standard Class,RD-19585,Rob Dowd,Consumer,United States,Dubuque,Iowa,Central,TEC-PH-10003885,Technology,Cisco SPA508G,0,11-8-2015,1132.3884
Phones,107.64,CA-2017-139913,10/29/2017,Standard Class,JC-16105,Julie Creighton,Corporate,United States,Rochester,New York,East,TEC-PH-10001552,Technology,I Need's 3d Hello Kitty Hybrid Silicone Case Cover for HTC One X 4g with 3d Hello Kitty Stylus Pen Green/pink,0,23-10-2017,117.6864
Phones,107.73,CA-2017-144638,3/14/2017,Standard Class,MH-18115,Mick Hernandez,Home Office,United States,Chester,Pennsylvania,East,TEC-PH-10000149,Technology,Cisco SPA525G2 IP Phone - Wireless,14.364,3-10-2017,99.351
Phones,107.984,CA-2016-155474,7/14/2016,Standard Class,CC-12220,Chris Cortes,Consumer,United States,Seattle,Washington,West,TEC-PH-10001580,Technology,Logitech Mobile Speakerphone P710e - speaker phone,21.5968,7-8-2016,117.4326
Phones,1074.6,CA-2017-161410,3/7/2017,Standard Class,CC-12220,Chris Cortes,Consumer,United States,Philadelphia,Pennsylvania,East,TEC-PH-10001760,Technology,Bose SoundLink Bluetooth Speaker,143.28,26-6-2017,1116.39
Phones,1078.2,CA-2016-168844,6/6/2016,Standard Class,NM-18520,Neoma Murray,Consumer,United States,New York City,New York,East,TEC-PH-10003215,Technology,Jackery Bar Premium Fast-charging Portable Charger,0,31-5-2016,1166.253
Phones,1079.64,CA-2015-123155,12/3/2015,First Class,NS-18640,Noel Staavos,Corporate,United States,San Antonio,Texas,Central,TEC-PH-10001809,Technology,Panasonic KX T7736-B Digital phone,71.976,3-9-2015,1102.1325
Phones,1079.91,CA-2016-132997,9/11/2016,First Class,LW-17215,Luke Weiss,Consumer,United States,Rochester,New York,East,TEC-PH-10003811,Technology,Jabra Supreme Plus Driver Edition Headset,0,11-7-2016,1180.7016
Phones,1079.928,CA-2016-110044,2/7/2016,Second Class,RF-19735,Roland Fjeld,Consumer,United States,Chicago,Illinois,Central,TEC-PH-10001299,Technology,Polycom CX300 Desktop Phone USB VoIP phone,71.9952,28-6-2016,1115.9256
Phones,1079.928,CA-2017-144589,1/25/2017,Standard Class,TM-21010,Tamara Manning,Consumer,United States,San Francisco,California,West,TEC-PH-10003072,Technology,Panasonic KX-TG9541B DECT 6.0 Digital 2-Line Expandable Cordless Phone With Digital Answering System,71.9952,20-1-2017,1210.4193
Phones,1087.84,CA-2017-104731,7/27/2017,Standard Class,AM-10705,Anne McFarland,Consumer,United States,Salem,Virginia,South,TEC-PH-10002660,Technology,Nortel Networks T7316 E Nt8 B27,0,21-7-2017,1155.83
Phones,109.592,CA-2016-129238,4/2/2016,Standard Class,SC-20050,Sample Company A,Home Office,United States,Los Angeles,California,West,TEC-PH-10004120,Technology,AT&T 1080 Phone,21.9184,31-1-2016,117.8114
Phones,1099,CA-2017-113355,5/12/2017,Standard Class,SJ-20215,Sarah Jordon,Consumer,United States,Grand Prairie,Texas,Central,TEC-PH-10004912,Technology,Cisco SPA112 2 Port Phone Adapter,43.96,12-1-2017,1123.7275
Phones,1099.96,CA-2015-114811,8/11/2015,Same Day,KD-16495,Keith Dawkins,Corporate,United States,New York City,New York,East,TEC-PH-10004165,Technology,Mitel MiVoice 5330e IP Phone,0,11-8-2015,1242.9548
Phones,11.992,CA-2016-150889,3/22/2016,Second Class,PB-19105,Peter Bühler,Consumer,United States,Evanston,Illinois,Central,TEC-PH-10000004,Technology,Belkin iPhone and iPad Lightning Cable,2.3984,20-3-2016,12.8914
Phones,110,CA-2017-101483,1/8/2017,Second Class,AG-10675,Anna Gayman,Consumer,United States,Jacksonville,North Carolina,South,TEC-PH-10003442,Technology,Samsung Replacement EH64AVFWE Premium Headset,4.4,29-7-2017,111.375
Phones,110,US-2017-140312,11/19/2017,Standard Class,KL-16645,Ken Lonsdale,Consumer,United States,Dublin,California,West,TEC-PH-10003442,Technology,Samsung Replacement EH64AVFWE Premium Headset,4.4,13-11-2017,111.375
Phones,110.376,US-2014-105767,5/27/2014,Standard Class,AR-10510,Andrew Roberts,Consumer,United States,Philadelphia,Pennsylvania,East,TEC-PH-10003092,Technology,Motorola L804,22.0752,23-5-2014,100.2582
Phones,1108.728,CA-2016-161816,1/5/2016,First Class,NB-18655,Nona Balk,Corporate,United States,Dallas,Texas,Central,TEC-PH-10003012,Technology,Nortel Meridian M3904 Professional Digital phone,73.9152,28-4-2016,1150.3053
Phones,111.96,CA-2017-159464,5/19/2017,First Class,TB-21355,Todd Boyes,Corporate,United States,Sandy Springs,Georgia,South,TEC-PH-10002350,Technology,Apple EarPods with Remote and Mic,0,18-5-2017,127.6344
Phones,111.968,CA-2015-104115,6/16/2015,Standard Class,JH-15910,Jonathan Howell,Consumer,United States,West Palm Beach,Florida,South,TEC-PH-10002844,Technology,Speck Products Candyshell Flip Case,11.1968,6-12-2015,116.1668
Phones,1112.346,US-2017-116659,12/11/2017,Same Day,NG-18355,Nat Gilpin,Corporate,United States,Newark,Ohio,East,TEC-PH-10002824,Technology,Jabra SPEAK 410 Multidevice Speakerphone,148.3128,11-12-2017,1019.6505
Phones,1119.84,CA-2014-124730,11/26/2014,Same Day,LS-17245,Lynn Smith,Consumer,United States,Utica,New York,East,TEC-PH-10002170,Technology,ClearSounds CSC500 Amplified Spirit Phone Corded phone,0,26-11-2014,1198.2288
Phones,1119.968,CA-2014-163419,11/14/2014,Second Class,TZ-21580,Tracy Zic,Consumer,United States,Louisville,Colorado,West,TEC-PH-10000560,Technology,Samsung Galaxy S III - 16GB - pebble blue (T-Mobile),111.9968,11-11-2014,1175.9664
Phones,1123.128,CA-2017-137099,10/12/2017,First Class,FP-14320,Frank Preis,Consumer,United States,Los Angeles,California,West,TEC-PH-10002496,Technology,Cisco SPA301,74.8752,12-7-2017,1169.925
Phones,1123.75,CA-2016-153157,9/14/2016,First Class,TB-21625,Trudy Brown,Consumer,United States,Wichita,Kansas,Central,TEC-PH-10003171,Technology,Plantronics Encore H101 Dual Earpieces Headset,0,9-11-2016,1186.68
Phones,1125.888,CA-2017-106859,3/18/2017,Second Class,BF-11215,Benjamin Farhat,Home Office,United States,Albuquerque,New Mexico,West,TEC-PH-10004531,Technology,OtterBox Commuter Series Case - iPhone 5 & 5s,28.1472,13-3-2017,1175.1456
Phones,1126.51,US-2017-103247,8/10/2017,Second Class,PO-19195,Phillina Ober,Home Office,United States,New York City,New York,East,TEC-PH-10003555,Technology,Motorola HK250 Universal Bluetooth Headset,0,10-5-2017,1129.7286
Phones,1131,CA-2015-109386,11/13/2015,Second Class,RH-19600,Rob Haberlin,Consumer,United States,Hampton,Virginia,South,TEC-PH-10002890,Technology,AT&T 17929 Lendline Telephone,0,11-8-2015,1189.812
Phones,1133.91,CA-2014-100006,9/13/2014,Standard Class,DK-13375,Dennis Kane,Consumer,United States,New York City,New York,East,TEC-PH-10002075,Technology,AT&T EL51110 DECT,0,9-7-2014,1243.5213
Phones,1133.91,CA-2015-115798,11/19/2015,Standard Class,KL-16645,Ken Lonsdale,Consumer,United States,Newark,Delaware,East,TEC-PH-10003691,Technology,BlackBerry Q10,0,13-11-2015,1228.4025
Phones,1133.91,CA-2015-136798,12/5/2015,Standard Class,DL-12925,Daniel Lacy,Consumer,United States,Minneapolis,Minnesota,Central,TEC-PH-10000441,Technology,VTech DS6151,0,5-8-2015,1239.7416
Phones,1133.91,CA-2016-155005,6/15/2016,Second Class,SC-20050,Sample Company A,Home Office,United States,Jackson,Michigan,Central,TEC-PH-10003484,Technology,Ooma Telo VoIP Home Phone System,0,13-6-2016,1228.4025
Phones,1133.91,CA-2017-138975,5/23/2017,Standard Class,SC-20380,Shahid Collister,Consumer,United States,Atlanta,Georgia,South,TEC-PH-10004389,Technology,Nokia Lumia 925,0,19-5-2017,1232.1822
Phones,1139.28,CA-2015-137974,4/18/2015,First Class,LL-16840,Lauren Leatherbury,Consumer,United States,Waynesboro,Virginia,South,TEC-PH-10002033,Technology,Konftel 250 Conference phone - Charcoal black,0,16-4-2015,1287.3864
Phones,1142.304,CA-2017-126144,5/8/2017,Standard Class,GM-14680,Greg Matthias,Consumer,United States,Philadelphia,Pennsylvania,East,TEC-PH-10001079,Technology,Polycom SoundPoint Pro SE-225 Corded phone,114.2304,31-7-2017,1085.1888
Phones,1144.728,CA-2017-132682,10/6/2017,Second Class,TH-21235,Tiffany House,Corporate,United States,Dallas,Texas,Central,TEC-PH-10004042,Technology,ClearOne Communications CHAT 70 OC Speaker Phone,76.3152,6-8-2017,1173.3462
Phones,1145.6,CA-2015-156566,4/10/2015,First Class,EM-13960,Eric Murdock,Consumer,United States,Portland,Oregon,West,TEC-PH-10001817,Technology,Wilson Electronics DB Pro Signal Booster,114.56,10-1-2015,1195.72
Phones,1151.84,CA-2014-153983,6/12/2014,Standard Class,AH-10210,Alan Hwang,Consumer,United States,San Francisco,California,West,TEC-PH-10004586,Technology,Wilson SignalBoost 841262 DB PRO Amplifier Kit,115.184,29-11-2014,1223.83
Phones,1151.84,CA-2014-160773,5/7/2014,Standard Class,LW-16825,Laurel Workman,Corporate,United States,Deltona,Florida,South,TEC-PH-10004586,Technology,Wilson SignalBoost 841262 DB PRO Amplifier Kit,115.184,7-1-2014,1223.83
Phones,11519.36,CA-2017-145884,10/21/2017,Same Day,SL-20155,Sara Luxemburg,Home Office,United States,Muskogee,Oklahoma,Central,TEC-PH-10000895,Technology,Polycom VVX 310 VoIP phone,0,21-10-2017,11893.7392
Phones,116.76,CA-2016-104276,3/12/2016,Standard Class,HF-14995,Herbert Flentye,Consumer,United States,Fort Lauderdale,Florida,South,TEC-PH-10001944,Technology,Wi-Ex zBoost YX540 Cellular Phone Signal Booster,23.352,27-11-2016,131.355
Phones,116.91,CA-2017-148922,12/15/2017,Second Class,SU-20665,Stephanie Ulpright,Home Office,United States,Jackson,Mississippi,South,TEC-PH-10000148,Technology,Cyber Acoustics AC-202b Speech Recognition Stereo Headset,0,12-10-2017,117.6894
Phones,1179.8,CA-2015-117800,9/26/2015,Standard Class,TH-21550,Tracy Hopkins,Home Office,United States,Everett,Massachusetts,East,TEC-PH-10002415,Technology,Polycom VoiceStation 500 Conference phone,0,21-9-2015,1327.275
Phones,118.24,CA-2016-139381,4/22/2016,Standard Class,RF-19840,Roy Französisch,Consumer,United States,Chesapeake,Virginia,South,TEC-PH-10004924,Technology,"SKILCRAFT Telephone Shoulder Rest, 2"" x 6.5"" x 2.5"", Black",0,18-4-2016,126.2212
Phones,118.368,CA-2016-134474,7/1/2016,Second Class,AJ-10795,Anthony Johnson,Corporate,United States,Jacksonville,Florida,South,TEC-PH-10002923,Technology,"Logitech B530 USB Headset - headset - Full size, Binaural",11.8368,1-5-2016,123.5466
Phones,118.99,CA-2016-133550,6/8/2016,Standard Class,KL-16645,Ken Lonsdale,Consumer,United States,Detroit,Michigan,Central,TEC-PH-10001079,Technology,Polycom SoundPoint Pro SE-225 Corded phone,0,31-7-2016,152.3072
Phones,119.96,CA-2017-118864,6/19/2017,Second Class,KH-16690,Kristen Hastings,Corporate,United States,Los Angeles,California,West,TEC-PH-10001809,Technology,Panasonic KX T7736-B Digital phone,23.992,15-6-2017,127.4575
Phones,119.96,US-2016-119298,11/28/2016,First Class,EP-13915,Emily Phan,Consumer,United States,Jonesboro,Arkansas,South,TEC-PH-10002564,Technology,OtterBox Defender Series Case - Samsung Galaxy S4,0,25-11-2016,137.954
Phones,1199.4,CA-2017-138611,11/17/2017,Second Class,CK-12595,Clytie Kelty,Consumer,United States,Grove City,Ohio,East,TEC-PH-10000011,Technology,PureGear Roll-On Screen Protector,47.976,14-11-2017,1215.392
Phones,12.99,US-2016-160206,7/4/2016,Standard Class,MY-18295,Muhammed Yedwab,Corporate,United States,Milwaukee,Wisconsin,Central,TEC-PH-10000148,Technology,Cyber Acoustics AC-202b Speech Recognition Stereo Headset,0,4-1-2016,13.2498
Phones,1203.072,US-2016-135720,12/13/2016,Second Class,FM-14380,Fred McMath,Consumer,United States,Aurora,Colorado,West,TEC-PH-10002103,Technology,Jabra SPEAK 410,60.1536,12-11-2016,1233.1488
Phones,1214.82,CA-2016-114482,11/25/2016,Second Class,DM-13345,Denise Monton,Corporate,United States,Des Moines,Iowa,Central,TEC-PH-10001580,Technology,Logitech Mobile Speakerphone P710e - speaker phone,0,21-11-2016,1324.1538
Phones,12149.19,CA-2014-125997,9/23/2014,First Class,MW-18220,Mitch Webber,Consumer,United States,New York City,New York,East,TEC-PH-10003072,Technology,Panasonic KX-TG9541B DECT 6.0 Digital 2-Line Expandable Cordless Phone With Digital Answering System,0,20-9-2014,12810.6459
Phones,1215.592,US-2014-138247,12/29/2014,Standard Class,BF-11170,Ben Ferrer,Home Office,United States,Los Angeles,California,West,TEC-PH-10000213,Technology,Seidio BD2-HK3IPH5-BK DILEX Case and Holster Combo for Apple iPhone 5/5s - Black,34.7312,24-12-2014,1232.9576
Phones,122.04,CA-2014-101602,12/18/2014,First Class,MC-18100,Mick Crebagga,Consumer,United States,El Paso,Texas,Central,TEC-PH-10000169,Technology,ARKON Windshield Dashboard Air Vent Car Mount Holder,8.136,15-12-2014,112.887
Phones,122.04,CA-2016-159989,12/13/2016,Standard Class,EB-13870,Emily Burns,Consumer,United States,Franklin,Tennessee,South,TEC-PH-10000169,Technology,ARKON Windshield Dashboard Air Vent Car Mount Holder,8.136,12-9-2016,112.887
Phones,1228.672,CA-2015-112711,7/18/2015,Standard Class,FM-14380,Fred McMath,Consumer,United States,Amarillo,Texas,Central,TEC-PH-10000526,Technology,Vtech CS6719,61.4336,7-12-2015,1259.3888
Phones,1238.304,CA-2017-125199,10/25/2017,Standard Class,HM-14860,Harry Marie,Corporate,United States,Philadelphia,Pennsylvania,East,TEC-PH-10001336,Technology,Digium D40 VoIP phone,123.8304,19-10-2017,1181.5484
Phones,124.792,CA-2017-130771,3/8/2017,Standard Class,LA-16780,Laura Armstrong,Corporate,United States,Austin,Texas,Central,TEC-PH-10002496,Technology,Cisco SPA301,24.9584,29-7-2017,140.391
Phones,124.792,CA-2017-154039,2/22/2017,Standard Class,JK-16120,Julie Kriz,Home Office,United States,Chicago,Illinois,Central,TEC-PH-10002789,Technology,LG Exalt,24.9584,17-2-2017,135.7113
Phones,125.99,CA-2015-135853,12/14/2015,First Class,CA-12775,Cynthia Arntzen,Consumer,United States,Detroit,Michigan,Central,TEC-PH-10003691,Technology,BlackBerry Q10,0,12-11-2015,157.4875
Phones,125.99,CA-2016-152730,4/6/2016,Standard Class,EM-14140,Eugene Moren,Home Office,United States,Superior,Wisconsin,Central,TEC-PH-10000441,Technology,VTech DS6151,0,30-5-2016,161.2672
Phones,1263.384,US-2017-160465,7/26/2017,Standard Class,SW-20350,Sean Wendt,Home Office,United States,Cleveland,Ohio,East,TEC-PH-10004522,Technology,Dexim XPower Skin Super-Thin Power Case for iPhone 5 - Black,84.2256,21-7-2017,1210.743
Phones,127.872,CA-2017-121468,11/20/2017,First Class,KD-16345,Katherine Ducich,Consumer,United States,Westminster,California,West,TEC-PH-10000376,Technology,Square Credit Card Reader,6.3936,19-11-2017,130.2696
Phones,1279.872,CA-2014-102330,3/1/2015,Standard Class,AI-10855,Arianne Irving,Consumer,United States,Brentwood,California,West,TEC-PH-10001051,Technology,HTC One,63.9936,29-12-2014,1315.8684
Phones,1279.872,CA-2015-123232,12/16/2015,Second Class,DJ-13630,Doug Jacobs,Consumer,United States,Portland,Oregon,West,TEC-PH-10001051,Technology,HTC One,63.9936,14-12-2015,1315.8684
Phones,129.528,CA-2015-121188,4/9/2015,Standard Class,CB-12025,Cassandra Brandow,Consumer,United States,Los Angeles,California,West,TEC-PH-10003589,Technology,invisibleSHIELD by ZAGG Smudge-Free Screen Protector,8.6352,28-8-2015,144.6396
Phones,129.528,CA-2017-101182,5/9/2017,First Class,KB-16405,Katrina Bavinger,Home Office,United States,Apple Valley,California,West,TEC-PH-10003589,Technology,invisibleSHIELD by ZAGG Smudge-Free Screen Protector,8.6352,9-4-2017,144.6396
Phones,1292.76,CA-2014-124737,8/27/2014,Standard Class,AP-10915,Arthur Prichep,Consumer,United States,Denver,Colorado,West,TEC-PH-10000149,Technology,Cisco SPA525G2 IP Phone - Wireless,28.728,23-8-2014,1303.533
Phones,1295.352,CA-2017-102610,8/11/2017,Standard Class,CA-12265,Christina Anderson,Consumer,United States,Chattanooga,Tennessee,South,TEC-PH-10000127,Technology,iOttie XL Car Mount,28.7856,11-4-2017,1262.9682
Phones,1295.928,CA-2016-103982,8/3/2016,Standard Class,AA-10315,Alex Avila,Consumer,United States,Round Rock,Texas,Central,TEC-PH-10000895,Technology,Polycom VVX 310 VoIP phone,86.3952,3-3-2016,1328.3262
Phones,1295.928,US-2016-169040,12/12/2016,Standard Class,GT-14710,Greg Tran,Consumer,United States,Seattle,Washington,West,TEC-PH-10002834,Technology,Google Nexus 5,86.3952,12-6-2016,1322.9265
Phones,13.494,CA-2014-164182,7/18/2014,Standard Class,ST-20530,Shui Tom,Consumer,United States,Philadelphia,Pennsylvania,East,TEC-PH-10002070,Technology,Griffin GC36547 PowerJolt SE Lightning Charger,5.3976,14-7-2014,11.245
Phones,13090.41,CA-2017-143063,8/15/2017,Standard Class,IL-15100,Ivan Liston,Consumer,United States,Columbus,Indiana,Central,TEC-PH-10003645,Technology,Aastra 57i VoIP phone,0,8-10-2017,13468.5774
Phones,1312.896,CA-2016-125318,6/13/2016,Standard Class,RC-19825,Roy Collins,Consumer,United States,Chicago,Illinois,Central,TEC-PH-10001433,Technology,Cisco Small Business SPA 502G VoIP phone,65.6448,6-6-2016,1341.6156
Phones,1313.55,CA-2016-153178,9/18/2016,Standard Class,CL-12565,Clay Ludtke,Consumer,United States,Long Beach,New York,East,TEC-PH-10001944,Technology,Wi-Ex zBoost YX540 Cellular Phone Signal Booster,0,14-9-2016,1444.905
Phones,1313.55,CA-2016-164091,9/22/2016,Standard Class,LA-16780,Laura Armstrong,Corporate,United States,Bangor,Maine,East,TEC-PH-10001944,Technology,Wi-Ex zBoost YX540 Cellular Phone Signal Booster,0,17-9-2016,1444.905
Phones,1313.55,CA-2017-160325,9/24/2017,Same Day,BP-11095,Bart Pistole,Corporate,United States,Lawrence,Massachusetts,East,TEC-PH-10001944,Technology,Wi-Ex zBoost YX540 Cellular Phone Signal Booster,0,24-9-2017,1444.905
Phones,1319.8,CA-2014-164469,6/27/2014,Second Class,GK-14620,Grace Kelly,Corporate,United States,Salem,Oregon,West,TEC-PH-10002115,Technology,Plantronics 81402,52.792,25-6-2014,1339.597
Phones,1319.8,CA-2015-124800,9/30/2015,Standard Class,RW-19540,Rick Wilson,Corporate,United States,Mesa,Arizona,West,TEC-PH-10001750,Technology,Samsung Rugby III,52.792,26-9-2015,1342.8965
Phones,13362.048,CA-2014-139192,1/6/2014,Second Class,LC-16885,Lena Creighton,Consumer,United States,San Francisco,California,West,TEC-PH-10000486,Technology,Plantronics HL10 Handset Lifter,222.7008,27-5-2014,13487.3172
Phones,1339.8,US-2014-168501,11/27/2014,Standard Class,JK-15325,Jason Klamczynski,Corporate,United States,Dallas,Texas,Central,TEC-PH-10004922,Technology,RCA Visys Integrated PBX 8-Line Router,53.592,21-11-2014,1356.5475
Phones,134.99,US-2015-138093,12/16/2015,Standard Class,KM-16225,Kalyca Meade,Corporate,United States,Baltimore,Maryland,East,TEC-PH-10004667,Technology,Cisco 8x8 Inc. 6753i IP Business Phone System,0,12-10-2015,171.4373
Phones,1343.968,CA-2017-134915,12/11/2017,Same Day,EM-14140,Eugene Moren,Home Office,United States,Glendale,Arizona,West,TEC-PH-10001459,Technology,Samsung Galaxy Mega 6.3,134.3968,11-12-2017,1394.3668
Phones,1349.91,CA-2016-147256,10/21/2016,Second Class,FC-14245,Frank Carlisle,Home Office,United States,Columbia,Missouri,Central,TEC-PH-10003072,Technology,Panasonic KX-TG9541B DECT 6.0 Digital 2-Line Expandable Cordless Phone With Digital Answering System,0,17-10-2016,1570.3953
Phones,135.516,CA-2014-102869,9/14/2014,Second Class,LC-17140,Logan Currie,Consumer,United States,Philadelphia,Pennsylvania,East,TEC-PH-10002549,Technology,Polycom SoundPoint IP 450 VoIP phone,54.2064,9-9-2014,103.8956
Phones,135.95,CA-2016-160234,3/7/2016,Standard Class,PF-19225,Phillip Flathmann,Consumer,United States,Atlanta,Georgia,South,TEC-PH-10004434,Technology,Cisco IP Phone 7961G VoIP phone - Dark gray,0,26-6-2016,175.3755
Phones,135.99,CA-2014-110065,11/8/2014,Standard Class,SP-20650,Stephanie Phelps,Corporate,United States,New York City,New York,East,TEC-PH-10002468,Technology,"Plantronics CS 50-USB - headset - Convertible, Monaural",0,8-5-2014,172.7073
Phones,135.99,CA-2015-122973,7/20/2015,Second Class,PJ-19015,Pauline Johnson,Consumer,United States,New York City,New York,East,TEC-PH-10002468,Technology,"Plantronics CS 50-USB - headset - Convertible, Monaural",0,18-7-2015,172.7073
Phones,13523.706,US-2017-118087,9/13/2017,Standard Class,SP-20620,Stefania Perrino,Corporate,United States,Philadelphia,Pennsylvania,East,TEC-PH-10002200,Technology,Samsung Galaxy Note 2,772.7832,9-9-2017,13137.3144
Phones,1359.8,CA-2017-133235,4/8/2017,First Class,LH-16750,Larry Hughes,Consumer,United States,Charlotte,North Carolina,South,TEC-PH-10002660,Technology,Nortel Networks T7316 E Nt8 B27,54.392,8-1-2017,1376.7975
Phones,1359.8,US-2016-103674,10/12/2016,Standard Class,AP-10720,Anne Pryor,Home Office,United States,Los Angeles,California,West,TEC-PH-10004080,Technology,Avaya 5410 Digital phone,54.392,12-6-2016,1386.996
Phones,136.99,CA-2017-148691,9/12/2017,Standard Class,CS-12460,Chuck Sachs,Consumer,United States,New York City,New York,East,TEC-PH-10000576,Technology,AT&T 1080 Corded phone,0,12-3-2017,173.9773
Phones,1360.728,CA-2015-132101,3/25/2015,Standard Class,JO-15550,Jesus Ocampo,Home Office,United States,Seattle,Washington,West,TEC-PH-10004539,Technology,Wireless Extenders zBoost YX545 SOHO Signal Booster,90.7152,19-3-2015,1400.4159
Phones,1360.728,CA-2016-132829,12/26/2016,Second Class,LA-16780,Laura Armstrong,Corporate,United States,Houston,Texas,Central,TEC-PH-10004539,Technology,Wireless Extenders zBoost YX545 SOHO Signal Booster,90.7152,23-12-2016,1400.4159
Phones,1364.76,US-2017-101840,12/2/2017,Standard Class,SP-20545,Sibella Parks,Corporate,United States,New York City,New York,East,TEC-PH-10002538,Technology,Grandstream GXP1160 VoIP phone,0,2-6-2017,1430.7234
Phones,1367.976,US-2017-169551,9/7/2017,First Class,RL-19615,Rob Lucas,Consumer,United States,Philadelphia,Pennsylvania,East,TEC-PH-10001363,Technology,Apple iPhone 5S,273.5952,7-7-2017,1253.978
Phones,137.44,CA-2015-156146,10/30/2015,Second Class,AG-10495,Andrew Gjertsen,Corporate,United States,Peoria,Arizona,West,TEC-PH-10001527,Technology,Plantronics MX500i Earset,13.744,26-10-2015,122.837
Phones,1385.91,US-2017-130953,3/8/2017,Standard Class,RF-19735,Roland Fjeld,Consumer,United States,Oklahoma City,Oklahoma,Central,TEC-PH-10003012,Technology,Nortel Meridian M3904 Professional Digital phone,0,29-7-2017,1519.8813
Phones,139.8,CA-2016-155992,2/10/2016,First Class,CC-12220,Chris Cortes,Consumer,United States,La Porte,Indiana,Central,TEC-PH-10000215,Technology,Plantronics Cordless Phone Headset with In-line Volume - M214C,0,10-1-2016,158.673
Phones,1399.8,CA-2017-140963,6/13/2017,First Class,MT-18070,Michelle Tran,Home Office,United States,Los Angeles,California,West,TEC-PH-10001924,Technology,iHome FM Clock Radio with Lightning Dock,55.992,6-10-2017,1417.2975
Phones,1399.96,CA-2015-154326,2/19/2015,Standard Class,RP-19855,Roy Phan,Corporate,United States,Kenosha,Wisconsin,Central,TEC-PH-10000560,Technology,Samsung Galaxy S III - 16GB - pebble blue (T-Mobile),0,15-2-2015,1595.9544
Phones,1399.96,CA-2016-109722,7/12/2016,Second Class,TP-21130,Theone Pippenger,Consumer,United States,Georgetown,Kentucky,South,TEC-PH-10000560,Technology,Samsung Galaxy S III - 16GB - pebble blue (T-Mobile),0,12-5-2016,1595.9544
Phones,14.99,CA-2017-120019,2/21/2017,Standard Class,NG-18355,Nat Gilpin,Corporate,United States,Fairfield,Connecticut,East,TEC-PH-10000923,Technology,"Belkin SportFit Armband For iPhone 5s/5c, Fuchsia",0,16-2-2017,22.3351
Phones,140.16,US-2014-140452,10/12/2014,Standard Class,BK-11260,Berenike Kampe,Consumer,United States,Chicago,Illinois,Central,TEC-PH-10000307,Technology,Shocksock Galaxy S4 Armband,7.008,12-6-2014,133.152
Phones,140.48,CA-2016-166674,3/4/2016,Second Class,RB-19360,Raymond Buch,Consumer,United States,Auburn,New York,East,TEC-PH-10002365,Technology,Belkin Grip Candy Sheer Case / Cover for iPhone 5 and 5S,0,4-1-2016,149.6112
Phones,140.672,CA-2017-126067,3/9/2017,Standard Class,KN-16705,Kristina Nunn,Home Office,United States,Seattle,Washington,West,TEC-PH-10000912,Technology,Anker 24W Portable Micro USB Car Charger,7.0336,28-8-2017,152.1016
Phones,1403.91,CA-2015-133242,6/24/2015,Standard Class,KH-16510,Keith Herrera,Consumer,United States,Arlington,Virginia,South,TEC-PH-10002496,Technology,Cisco SPA301,0,18-6-2015,1544.301
Phones,1411.128,CA-2017-112039,3/29/2017,Standard Class,JC-15775,John Castell,Consumer,United States,San Antonio,Texas,Central,TEC-PH-10000984,Technology,Panasonic KX-TG9471B,94.0752,25-3-2017,1458.1656
Phones,1411.128,CA-2017-121048,7/18/2017,Standard Class,TC-21295,Toby Carlisle,Consumer,United States,Westminster,California,West,TEC-PH-10004977,Technology,GE 30524EE4,94.0752,14-7-2017,1464.0453
Phones,1411.128,CA-2017-126788,6/6/2017,First Class,AB-10105,Adrian Barton,Consumer,United States,Pearland,Texas,Central,TEC-PH-10001619,Technology,LG G3,94.0752,6-5-2017,1464.0453
Phones,1411.128,CA-2017-145233,5/12/2017,Standard Class,DV-13465,Dianna Vittorini,Consumer,United States,Denver,Colorado,West,TEC-PH-10004977,Technology,GE 30524EE4,94.0752,12-1-2017,1464.0453
Phones,143.928,CA-2015-165414,12/24/2015,First Class,LS-17245,Lynn Smith,Consumer,United States,Jacksonville,North Carolina,South,TEC-PH-10002293,Technology,Anker 36W 4-Port USB Wall Charger Travel Power Adapter for iPhone 5s 5c 5,9.5952,21-12-2015,148.7256
Phones,143.928,CA-2017-169901,6/19/2017,Standard Class,CC-12550,Clay Cheatham,Consumer,United States,San Francisco,California,West,TEC-PH-10002293,Technology,Anker 36W 4-Port USB Wall Charger Travel Power Adapter for iPhone 5s 5c 5,9.5952,15-6-2017,148.7256
Phones,143.968,CA-2017-158407,10/6/2017,Standard Class,LW-16990,Lindsay Williams,Corporate,United States,Monroe,North Carolina,South,TEC-PH-10001819,Technology,Innergie mMini Combo Duo USB Travel Charging Kit,14.3968,6-4-2017,169.1624
Phones,1432,CA-2015-136469,12/7/2015,First Class,TS-21370,Todd Sumrall,Corporate,United States,Wilmington,Delaware,East,TEC-PH-10001817,Technology,Wilson Electronics DB Pro Signal Booster,0,7-11-2015,1625.32
Phones,1432.8,CA-2016-160717,11/6/2016,Standard Class,ME-17320,Maria Etezadi,Home Office,United States,Santa Barbara,California,West,TEC-PH-10001760,Technology,Bose SoundLink Bluetooth Speaker,95.52,6-6-2016,1593.99
Phones,1454.49,US-2016-108504,5/2/2016,Same Day,PP-18955,Paul Prost,Home Office,United States,Smyrna,Georgia,South,TEC-PH-10003645,Technology,Aastra 57i VoIP phone,0,2-5-2016,1580.5458
Phones,14635.728,CA-2017-118724,7/25/2017,Second Class,AR-10825,Anthony Rawles,Corporate,United States,Concord,California,West,TEC-PH-10002549,Technology,Polycom SoundPoint IP 450 VoIP phone,325.2384,21-7-2017,14757.6924
Phones,147.168,CA-2016-109806,9/22/2016,Standard Class,JS-15685,Jim Sink,Corporate,United States,Los Angeles,California,West,TEC-PH-10004093,Technology,Panasonic Kx-TS550,14.7168,17-9-2016,155.4462
Phones,147.168,US-2014-120313,2/11/2014,Second Class,NL-18310,Nancy Lomonaco,Home Office,United States,San Francisco,California,West,TEC-PH-10003092,Technology,Motorola L804,14.7168,31-10-2014,155.4462
Phones,147.96,CA-2014-107594,6/7/2014,Standard Class,EH-13945,Eric Hoffmann,Consumer,United States,Plainfield,New Jersey,East,TEC-PH-10002923,Technology,"Logitech B530 USB Headset - headset - Full size, Binaural",0,7-2-2014,167.9346
Phones,147.96,CA-2015-153717,1/1/2016,Standard Class,DL-13495,Dionis Lloyd,Corporate,United States,Detroit,Michigan,Central,TEC-PH-10002923,Technology,"Logitech B530 USB Headset - headset - Full size, Binaural",0,25-12-2015,167.9346
Phones,1483.128,CA-2015-157770,12/15/2015,First Class,RD-19585,Rob Dowd,Consumer,United States,Temecula,California,West,TEC-PH-10001530,Technology,Plantronics Voyager Pro Legend,98.8752,13-12-2015,1532.5656
Phones,1484.672,CA-2015-117415,12/31/2015,Standard Class,SN-20710,Steve Nguyen,Home Office,United States,Houston,Texas,Central,TEC-PH-10000486,Technology,Plantronics HL10 Handset Lifter,74.2336,27-12-2015,1526.4284
Phones,1484.91,CA-2015-163237,9/8/2015,Second Class,EM-14095,Eudokia Martin,Corporate,United States,Springfield,Virginia,South,TEC-PH-10003601,Technology,"Ativa D5772 2-Line 5.8GHz Digital Expandable Corded/Cordless Phone System with Answering & Caller ID/Call Waiting, Black/Silver",0,8-7-2015,1633.401
Phones,1484.91,US-2017-162670,12/28/2017,Second Class,MF-18250,Monica Federle,Corporate,United States,Little Rock,Arkansas,South,TEC-PH-10003601,Technology,"Ativa D5772 2-Line 5.8GHz Digital Expandable Corded/Cordless Phone System with Answering & Caller ID/Call Waiting, Black/Silver",0,23-12-2017,1633.401
Phones,1484.946,US-2016-126893,1/12/2016,Standard Class,CT-11995,Carol Triggs,Consumer,United States,Philadelphia,Pennsylvania,East,TEC-PH-10004165,Technology,Mitel MiVoice 5330e IP Phone,197.9928,26-11-2016,1369.4502
Phones,1487.75,US-2016-115441,7/28/2016,Second Class,SH-19975,Sally Hughsby,Corporate,United States,Milwaukee,Wisconsin,Central,TEC-PH-10002262,Technology,LG Electronics Tone+ HBS-730 Bluetooth Headset,0,25-7-2016,1571.064
Phones,1487.976,CA-2016-133816,5/13/2016,Second Class,CS-12400,Christopher Schild,Home Office,United States,Philadelphia,Pennsylvania,East,TEC-PH-10001795,Technology,ClearOne CHATAttach 160 - speaker phone,297.5952,5-10-2016,1363.978
Phones,1499.8,CA-2017-150266,11/30/2017,Standard Class,RO-19780,Rose O'Brian,Consumer,United States,Houston,Texas,Central,TEC-PH-10003437,Technology,Blue Parrot B250XT Professional Grade Wireless Bluetooth Headset with,59.992,25-11-2017,1537.295
Phones,15.84,CA-2017-134915,12/11/2017,Same Day,EM-14140,Eugene Moren,Home Office,United States,Glendale,Arizona,West,TEC-PH-10000347,Technology,Cush Cases Heavy Duty Rugged Cover Case for Samsung Galaxy S5 - Purple,1.584,11-12-2017,16.533
Phones,15.992,CA-2014-138240,10/14/2014,Standard Class,SJ-20500,Shirley Jackson,Consumer,United States,San Francisco,California,West,TEC-PH-10002583,Technology,iOttie HLCRIO102 Car Mount,3.1984,10-9-2014,12.9935
Phones,15.992,CA-2016-157707,12/10/2016,First Class,CC-12610,Corey Catlett,Corporate,United States,Denver,Colorado,West,TEC-PH-10002583,Technology,iOttie HLCRIO102 Car Mount,3.1984,10-10-2016,12.9935
Phones,1503.968,CA-2017-137631,2/5/2017,Standard Class,JL-15235,Janet Lee,Consumer,United States,Kissimmee,Florida,South,TEC-PH-10002624,Technology,Samsung Galaxy S4 Mini,150.3968,28-4-2017,1588.5662
Phones,15051.232,CA-2014-154599,4/17/2014,Standard Class,KN-16450,Kean Nguyen,Corporate,United States,Redondo Beach,California,West,TEC-PH-10001557,Technology,Pyle PMP37LED,215.0176,4-12-2014,15145.3022
Phones,151.192,CA-2016-107790,11/24/2016,Standard Class,EH-13990,Erica Hackney,Consumer,United States,Houston,Texas,Central,TEC-PH-10004539,Technology,Wireless Extenders zBoost YX545 SOHO Signal Booster,30.2384,20-11-2016,164.4213
Phones,1511.784,US-2014-115189,3/1/2015,Second Class,AR-10345,Alex Russell,Corporate,United States,Philadelphia,Pennsylvania,East,TEC-PH-10002170,Technology,ClearSounds CSC500 Amplified Spirit Phone Corded phone,100.7856,30-12-2014,1461.3912
Phones,152.91,CA-2015-149909,11/17/2015,Standard Class,RA-19915,Russell Applegate,Consumer,United States,Columbus,Indiana,Central,TEC-PH-10001536,Technology,Spigen Samsung Galaxy S5 Case Wallet,0,13-11-2015,166.1622
Phones,152.96,CA-2016-130680,6/29/2016,Standard Class,BD-11320,Bill Donatelli,Consumer,United States,San Diego,California,West,TEC-PH-10004833,Technology,Macally Suction Cup Mount,7.648,24-6-2016,143.4
Phones,153.088,US-2014-103905,7/20/2014,Standard Class,AW-10930,Arthur Wiediger,Home Office,United States,Aurora,Illinois,Central,TEC-PH-10001552,Technology,I Need's 3d Hello Kitty Hybrid Silicone Case Cover for HTC One X 4g with 3d Hello Kitty Stylus Pen Green/pink,7.6544,14-7-2014,156.9152
Phones,1535.36,CA-2017-157903,8/4/2017,Standard Class,AM-10705,Anne McFarland,Consumer,United States,Des Plaines,Illinois,Central,TEC-PH-10004345,Technology,Cisco SPA 502G IP Phone,76.768,4-4-2017,1583.34
Phones,155.37,CA-2015-168746,1/29/2015,Second Class,SV-20365,Seth Vernon,Consumer,United States,Cleveland,Ohio,East,TEC-PH-10002555,Technology,Nortel Meridian M5316 Digital phone,62.148,27-1-2015,119.117
Phones,1559.592,CA-2014-103373,5/24/2014,Standard Class,BS-11755,Bruce Stewart,Consumer,United States,Cleveland,Ohio,East,TEC-PH-10002885,Technology,Apple iPhone 5,311.9184,18-5-2014,1390.6362
Phones,156.792,CA-2017-121125,3/6/2017,Standard Class,MG-17890,Michael Granlund,Home Office,United States,Tigard,Oregon,West,TEC-PH-10001619,Technology,LG G3,31.3584,30-5-2017,174.4311
Phones,156.792,US-2016-169040,12/12/2016,Standard Class,GT-14710,Greg Tran,Consumer,United States,Seattle,Washington,West,TEC-PH-10002310,Technology,Plantronics Calisto P620-M USB Wireless Speakerphone System,31.3584,12-6-2016,170.5113
Phones,158.04,CA-2014-129364,12/13/2014,Standard Class,TB-21250,Tim Brockman,Consumer,United States,Salem,Oregon,West,TEC-PH-10003095,Technology,Samsung HM1900 Bluetooth Headset,10.536,12-8-2014,177.795
Phones,158.04,CA-2016-145709,8/10/2016,Standard Class,AH-10690,Anna Häberlin,Corporate,United States,Coral Gables,Florida,South,TEC-PH-10003095,Technology,Samsung HM1900 Bluetooth Headset,10.536,10-4-2016,177.795
Phones,158.04,CA-2017-122595,12/20/2017,Standard Class,GM-14455,Gary Mitchum,Home Office,United States,Chicago,Illinois,Central,TEC-PH-10003095,Technology,Samsung HM1900 Bluetooth Headset,10.536,14-12-2017,177.795
Phones,158.2,CA-2017-128300,11/26/2017,Second Class,RS-19765,Roland Schwarz,Corporate,United States,Summerville,South Carolina,South,TEC-PH-10002807,Technology,Motorla HX550 Universal Bluetooth Headset,0,24-11-2017,197.75
Phones,158.99,CA-2015-109862,10/30/2015,Standard Class,HK-14890,Heather Kirkland,Corporate,United States,Newark,Delaware,East,TEC-PH-10004042,Technology,ClearOne Communications CHAT 70 OC Speaker Phone,0,25-10-2015,200.3274
Phones,159.84,CA-2015-161718,10/12/2015,Standard Class,SO-20335,Sean O'Donnell,Consumer,United States,Hempstead,New York,East,TEC-PH-10000376,Technology,Square Credit Card Reader,0,12-4-2015,170.2296
Phones,16.99,CA-2014-160766,9/14/2014,Same Day,DM-13015,Darrin Martin,Consumer,United States,New York City,New York,East,TEC-PH-10001536,Technology,Spigen Samsung Galaxy S5 Case Wallet,0,14-9-2014,21.4074
Phones,161.61,CA-2014-131905,9/2/2014,First Class,ND-18460,Neil Ducich,Corporate,United States,Chesapeake,Virginia,South,TEC-PH-10003645,Technology,Aastra 57i VoIP phone,0,2-6-2014,203.6286
Phones,161.946,CA-2017-130967,3/16/2017,Standard Class,EB-13870,Emily Burns,Consumer,United States,Philadelphia,Pennsylvania,East,TEC-PH-10004896,Technology,Nokia Lumia 521 (T-Mobile),21.5928,3-10-2017,151.1496
Phones,1612.672,US-2016-164189,3/28/2016,Standard Class,DR-12880,Dan Reichenbach,Corporate,United States,Gresham,Oregon,West,TEC-PH-10003691,Technology,BlackBerry Q10,80.6336,24-3-2016,1637.87
Phones,1619.73,US-2016-114013,3/15/2016,Second Class,SC-20770,Stewart Carmichael,Corporate,United States,Philadelphia,Pennsylvania,East,TEC-PH-10001494,Technology,Polycom CX600 IP Phone VoIP phone,215.964,13-3-2016,1502.7495
Phones,1619.91,CA-2017-115546,5/18/2017,Standard Class,AH-10465,Amy Hunt,Consumer,United States,New York City,New York,East,TEC-PH-10002834,Technology,Google Nexus 5,0,14-5-2017,1754.9025
Phones,1619.91,US-2017-132297,2/6/2017,Standard Class,DW-13480,Dianna Wilson,Home Office,United States,Louisville,Kentucky,South,TEC-PH-10002834,Technology,Google Nexus 5,0,27-5-2017,1754.9025
Phones,1625.472,CA-2017-145233,5/12/2017,Standard Class,DV-13465,Dianna Vittorini,Consumer,United States,Denver,Colorado,West,TEC-PH-10001254,Technology,Jabra BIZ 2300 Duo QD Duo Corded Headset,81.2736,12-1-2017,1655.9496
Phones,163.5,CA-2017-156363,10/28/2017,Standard Class,ML-17395,Marina Lichtenstein,Corporate,United States,Philadelphia,Pennsylvania,East,TEC-PH-10003988,Technology,"LF Elite 3D Dazzle Designer Hard Case Cover, Lf Stylus Pen and Wiper For Apple Iphone 5c Mini Lite",13.08,22-10-2017,156.96
Phones,1638.18,CA-2017-105333,4/12/2017,Standard Class,VP-21730,Victor Preis,Home Office,United States,New York City,New York,East,TEC-PH-10001468,Technology,Panasonic Business Telephones KX-T7736,0,30-11-2017,1801.998
Phones,164.792,US-2017-120147,3/30/2017,Same Day,TB-21400,Tom Boeckenhauer,Consumer,United States,Los Angeles,California,West,TEC-PH-10002447,Technology,AT&T CL83451 4-Handset Telephone,32.9584,30-3-2017,183.3311
Phones,164.99,CA-2017-127026,1/27/2017,Standard Class,MH-18115,Mick Hernandez,Home Office,United States,Jackson,Michigan,Central,TEC-PH-10003601,Technology,"Ativa D5772 2-Line 5.8GHz Digital Expandable Corded/Cordless Phone System with Answering & Caller ID/Call Waiting, Black/Silver",0,21-1-2017,214.487
Phones,16415.712,CA-2014-154627,10/31/2014,First Class,SA-20830,Sue Ann Reed,Consumer,United States,Chicago,Illinois,Central,TEC-PH-10001363,Technology,Apple iPhone 5S,547.1904,29-10-2014,16757.706
Phones,165.528,CA-2017-157420,11/21/2017,Same Day,HZ-14950,Henia Zydlo,Consumer,United States,Houston,Texas,Central,TEC-PH-10003555,Technology,Motorola HK250 Universal Bluetooth Headset,11.0352,21-11-2017,153.1134
Phones,165.528,US-2016-139486,5/23/2016,First Class,LH-17155,Logan Haushalter,Consumer,United States,Los Angeles,California,West,TEC-PH-10003555,Technology,Motorola HK250 Universal Bluetooth Headset,11.0352,21-5-2016,153.1134
Phones,165.6,US-2016-150147,4/29/2016,Second Class,JL-15850,John Lucas,Consumer,United States,Philadelphia,Pennsylvania,East,TEC-PH-10004614,Technology,AT&T 841000 Phone,33.12,25-4-2016,144.9
Phones,1655.64,CA-2014-164973,9/11/2014,Standard Class,NM-18445,Nathan Mautz,Home Office,United States,New York City,New York,East,TEC-PH-10004093,Technology,Panasonic Kx-TS550,0,11-4-2014,1735.6626
Phones,1663.872,CA-2015-126725,11/21/2015,Standard Class,BS-11665,Brian Stugart,Consumer,United States,San Diego,California,West,TEC-PH-10003174,Technology,RCA ViSYS 25825 Wireless digital phone,83.1936,17-11-2015,1715.868
Phones,167.968,CA-2014-156349,5/30/2014,Standard Class,ML-17395,Marina Lichtenstein,Corporate,United States,Los Angeles,California,West,TEC-PH-10002726,Technology,netTALK DUO VoIP Telephone Service,16.7968,26-5-2014,199.462
Phones,167.968,US-2014-134733,9/28/2014,Standard Class,BM-11650,Brian Moss,Corporate,United States,San Diego,California,West,TEC-PH-10002726,Technology,netTALK DUO VoIP Telephone Service,16.7968,23-9-2014,199.462
Phones,167.976,US-2017-131961,11/12/2017,First Class,MJ-17740,Max Jones,Consumer,United States,Philadelphia,Pennsylvania,East,TEC-PH-10001924,Technology,iHome FM Clock Radio with Lightning Dock,33.5952,12-8-2017,146.979
Phones,169.568,CA-2016-134544,3/19/2016,Second Class,AC-10660,Anna Chung,Consumer,United States,San Francisco,California,West,TEC-PH-10003800,Technology,i.Sound Portable Power - 8000 mAh,16.9568,17-3-2016,149.4318
Phones,169.568,CA-2017-101308,7/10/2017,Standard Class,FG-14260,Frank Gastineau,Home Office,United States,Seattle,Washington,West,TEC-PH-10003800,Technology,i.Sound Portable Power - 8000 mAh,16.9568,10-2-2017,149.4318
Phones,169.568,US-2016-156986,3/24/2016,Standard Class,ZC-21910,Zuschuss Carroll,Consumer,United States,Salem,Oregon,West,TEC-PH-10003800,Technology,i.Sound Portable Power - 8000 mAh,16.9568,20-3-2016,149.4318
Phones,1699.8,CA-2015-144519,11/17/2015,Standard Class,AW-10930,Arthur Wiediger,Home Office,United States,Helena,Montana,West,TEC-PH-10004908,Technology,Panasonic KX TS3282W Corded phone,67.992,13-11-2015,1742.295
Phones,1699.8,CA-2016-165995,6/9/2016,Standard Class,BG-11740,Bruce Geld,Consumer,United States,Los Angeles,California,West,TEC-PH-10004908,Technology,Panasonic KX TS3282W Corded phone,67.992,30-8-2016,1742.295
Phones,17.82,US-2014-143707,5/3/2014,Standard Class,HR-14770,Hallie Redmond,Home Office,United States,New York City,New York,East,TEC-PH-10003655,Technology,Sannysis Cute Owl Design Soft Skin Case Cover for Samsung Galaxy S4,0,3-1-2014,19.4238
Phones,1700.91,CA-2016-133613,6/22/2016,Standard Class,CP-12340,Christine Phan,Corporate,United States,Waterbury,Connecticut,East,TEC-PH-10004539,Technology,Wireless Extenders zBoost YX545 SOHO Signal Booster,0,17-6-2016,1853.9919
Phones,17009.514,US-2017-161935,7/18/2017,Standard Class,JL-15835,John Lee,Consumer,United States,Columbus,Ohio,East,TEC-PH-10000560,Technology,Samsung Galaxy S III - 16GB - pebble blue (T-Mobile),755.9784,14-7-2017,16631.5248
Phones,171.8,CA-2015-153906,3/20/2015,Standard Class,MS-17980,Michael Stewart,Corporate,United States,New York City,New York,East,TEC-PH-10001527,Technology,Plantronics MX500i Earset,0,16-3-2015,174.377
Phones,1725,CA-2016-146934,5/27/2016,Standard Class,AF-10870,Art Ferguson,Consumer,United States,Passaic,New Jersey,East,TEC-PH-10004614,Technology,AT&T 841000 Phone,0,22-5-2016,1811.25
Phones,1727.872,US-2017-109253,8/22/2017,First Class,PR-18880,Patrick Ryan,Consumer,United States,Oakland,California,West,TEC-PH-10004667,Technology,Cisco 8x8 Inc. 6753i IP Business Phone System,86.3936,21-8-2017,1765.6692
Phones,1727.904,CA-2015-168746,1/29/2015,Second Class,SV-20365,Seth Vernon,Consumer,United States,Cleveland,Ohio,East,TEC-PH-10000895,Technology,Polycom VVX 310 VoIP phone,172.7904,27-1-2015,1627.1096
Phones,173.75,CA-2017-159464,5/19/2017,First Class,TB-21355,Todd Boyes,Corporate,United States,Sandy Springs,Georgia,South,TEC-PH-10002185,Technology,QVS USB Car Charger 2-Port 2.1Amp for iPod/iPhone/iPad/iPad 2/iPad 3,0,18-5-2017,189.3875
Phones,174.4,CA-2016-139409,7/9/2016,First Class,FW-14395,Fred Wasserman,Corporate,United States,New York City,New York,East,TEC-PH-10003988,Technology,"LF Elite 3D Dazzle Designer Hard Case Cover, Lf Stylus Pen and Wiper For Apple Iphone 5c Mini Lite",0,9-5-2016,186.608
Phones,174.4,CA-2017-112844,11/16/2017,Second Class,SP-20620,Stefania Perrino,Corporate,United States,Buffalo,New York,East,TEC-PH-10003988,Technology,"LF Elite 3D Dazzle Designer Hard Case Cover, Lf Stylus Pen and Wiper For Apple Iphone 5c Mini Lite",0,13-11-2017,186.608
Phones,1753.344,CA-2014-168984,2/12/2014,Standard Class,NW-18400,Natalie Webber,Consumer,United States,Tigard,Oregon,West,TEC-PH-10000038,Technology,Jawbone MINI JAMBOX Wireless Bluetooth Speaker,87.6672,26-11-2014,1665.6768
Phones,1753.344,CA-2017-159149,2/19/2017,First Class,CR-12820,Cyra Reiten,Home Office,United States,Houston,Texas,Central,TEC-PH-10000038,Technology,Jawbone MINI JAMBOX Wireless Bluetooth Speaker,87.6672,17-2-2017,1665.6768
Phones,1753.472,CA-2014-154599,4/17/2014,Standard Class,KN-16450,Kean Nguyen,Corporate,United States,Redondo Beach,California,West,TEC-PH-10000576,Technology,AT&T 1080 Corded phone,87.6736,4-12-2014,1791.8292
Phones,1753.472,US-2015-156496,8/16/2015,Standard Class,WB-21850,William Brown,Consumer,United States,Redmond,Oregon,West,TEC-PH-10000576,Technology,AT&T 1080 Corded phone,87.6736,8-10-2015,1791.8292
Phones,1763.608,CA-2014-162089,1/4/2014,First Class,MP-17470,Mark Packer,Home Office,United States,Brownsville,Texas,Central,TEC-PH-10001819,Technology,Innergie mMini Combo Duo USB Travel Charging Kit,50.3888,30-3-2014,1851.7884
Phones,1763.91,CA-2014-114790,3/13/2014,Second Class,FM-14215,Filia McAdams,Corporate,United States,Richmond,Kentucky,South,TEC-PH-10000984,Technology,Panasonic KX-TG9471B,0,3-11-2014,1928.5416
Phones,1763.91,CA-2015-102491,8/28/2015,Standard Class,KW-16435,Katrina Willman,Consumer,United States,Florence,Kentucky,South,TEC-PH-10001619,Technology,LG G3,0,24-8-2015,1934.4213
Phones,1763.91,CA-2015-146255,10/3/2015,First Class,EM-14140,Eugene Moren,Home Office,United States,Newark,Delaware,East,TEC-PH-10001619,Technology,LG G3,0,3-7-2015,1934.4213
Phones,1763.91,CA-2017-149048,5/17/2017,Standard Class,BM-11650,Brian Moss,Corporate,United States,Columbus,Indiana,Central,TEC-PH-10002310,Technology,Plantronics Calisto P620-M USB Wireless Speakerphone System,0,13-5-2017,1922.6619
Phones,1766.016,CA-2017-122700,11/30/2017,Standard Class,LT-17110,Liz Thompson,Consumer,United States,Columbus,Ohio,East,TEC-PH-10003092,Technology,Motorola L804,88.3008,26-11-2017,1725.5448
Phones,1779.072,CA-2017-108329,12/14/2017,Standard Class,LE-16810,Laurel Elliston,Consumer,United States,Whittier,California,West,TEC-PH-10001918,Technology,Nortel Business Series Terminal T7208 Digital phone,88.9536,12-9-2017,1823.5488
Phones,17819.352,CA-2016-133725,5/28/2016,Standard Class,KL-16645,Ken Lonsdale,Consumer,United States,Chicago,Illinois,Central,TEC-PH-10004165,Technology,Mitel MiVoice 5330e IP Phone,395.9856,23-5-2016,17967.8466
Phones,179.8,US-2017-132675,9/28/2017,Standard Class,KF-16285,Karen Ferguson,Home Office,United States,Sandy Springs,Georgia,South,TEC-PH-10003171,Technology,Plantronics Encore H101 Dual Earpieces Headset,0,24-9-2017,204.972
Phones,179.91,CA-2015-102582,9/19/2015,Standard Class,NW-18400,Natalie Webber,Consumer,United States,Mobile,Alabama,South,TEC-PH-10003187,Technology,Anker Astro Mini 3000mAh Ultra-Compact Portable Charger,0,15-9-2015,179.91
Phones,179.91,CA-2016-145982,1/9/2016,Second Class,TB-21055,Ted Butterfield,Consumer,United States,Quincy,Massachusetts,East,TEC-PH-10000011,Technology,PureGear Roll-On Screen Protector,0,27-8-2016,208.6956
Phones,179.96,CA-2015-115798,11/19/2015,Standard Class,KL-16645,Ken Lonsdale,Consumer,United States,Newark,Delaware,East,TEC-PH-10001819,Technology,Innergie mMini Combo Duo USB Travel Charging Kit,0,13-11-2015,223.1504
Phones,179.96,CA-2017-141439,1/12/2017,Standard Class,TT-21460,Tonja Turnell,Home Office,United States,Richmond,Indiana,Central,TEC-PH-10001819,Technology,Innergie mMini Combo Duo USB Travel Charging Kit,0,26-11-2017,223.1504
Phones,179.976,CA-2017-131366,11/29/2017,Standard Class,SC-20440,Shaun Chance,Corporate,United States,Lancaster,Pennsylvania,East,TEC-PH-10003437,Technology,Blue Parrot B250XT Professional Grade Wireless Bluetooth Headset with,35.9952,24-11-2017,164.978
Phones,1791,CA-2016-131835,7/21/2016,Standard Class,MC-17590,Matt Collister,Corporate,United States,Perth Amboy,New Jersey,East,TEC-PH-10001760,Technology,Bose SoundLink Bluetooth Speaker,0,17-7-2016,2071.59
Phones,17919.488,CA-2017-119284,6/20/2017,Standard Class,TS-21205,Thomas Seio,Corporate,United States,Nashville,Tennessee,South,TEC-PH-10000560,Technology,Samsung Galaxy S III - 16GB - pebble blue (T-Mobile),447.9872,15-6-2017,18143.4816
Phones,1799.85,CA-2017-149888,11/13/2017,Standard Class,EP-13915,Emily Phan,Consumer,United States,Philadelphia,Pennsylvania,East,TEC-PH-10003811,Technology,Jabra Supreme Plus Driver Edition Headset,143.988,11-7-2017,1727.856
Phones,180.96,CA-2016-150077,10/2/2016,Standard Class,MS-17365,Maribeth Schnelling,Consumer,United States,Rockville,Maryland,East,TEC-PH-10002890,Technology,AT&T 17929 Lendline Telephone,0,2-4-2016,204.4848
Phones,180.96,CA-2017-114055,12/29/2017,Second Class,MH-18115,Mick Hernandez,Home Office,United States,Huntsville,Alabama,South,TEC-PH-10002890,Technology,AT&T 17929 Lendline Telephone,0,25-12-2017,204.4848
Phones,18031.608,US-2016-116729,12/28/2016,First Class,GK-14620,Grace Kelly,Corporate,United States,Los Angeles,California,West,TEC-PH-10002200,Technology,Samsung Galaxy Note 2,515.1888,25-12-2016,18289.2024
Phones,1823.968,CA-2014-126760,2/8/2014,Standard Class,KM-16720,Kunst Miller,Consumer,United States,North Las Vegas,Nevada,West,TEC-PH-10001363,Technology,Apple iPhone 5S,182.3968,26-7-2014,1937.966
Phones,1853.91,CA-2014-117639,5/25/2014,Standard Class,MW-18235,Mitch Willingham,Corporate,United States,Virginia Beach,Virginia,South,TEC-PH-10001530,Technology,Plantronics Voyager Pro Legend,0,21-5-2014,2026.9416
Phones,1853.91,CA-2014-130624,6/24/2014,First Class,TB-21280,Toby Braunhardt,Consumer,United States,New York City,New York,East,TEC-PH-10003963,Technology,GE 2-Jack Phone Line Splitter,0,21-6-2014,2014.5822
Phones,1856,CA-2017-107517,9/2/2017,Standard Class,FC-14335,Fred Chung,Corporate,United States,Torrance,California,West,TEC-PH-10003505,Technology,Geemarc AmpliPOWER60,74.24,2-5-2017,1897.76
Phones,1868.16,CA-2015-109708,5/28/2015,Second Class,CY-12745,Craig Yedwab,Corporate,United States,Columbia,Tennessee,South,TEC-PH-10001944,Technology,Wi-Ex zBoost YX540 Cellular Phone Signal Booster,93.408,25-5-2015,1926.54
Phones,188.946,CA-2015-146262,9/1/2015,Standard Class,VW-21775,Victoria Wilson,Corporate,United States,Medina,Ohio,East,TEC-PH-10002844,Technology,Speck Products Candyshell Flip Case,25.1928,1-2-2015,174.2502
Phones,1881.216,CA-2016-133669,10/27/2016,Standard Class,SV-20935,Susan Vittorini,Consumer,United States,Columbus,Ohio,East,TEC-PH-10001305,Technology,Panasonic KX TS208W Corded phone,94.0608,21-10-2016,1834.1856
Phones,19.176,CA-2014-133809,11/23/2014,Second Class,MS-17530,MaryBeth Skach,Consumer,United States,Fairfield,Ohio,East,TEC-PH-10004875,Technology,PNY Rapid USB Car Charger - Black,3.8352,18-11-2014,17.0986
Phones,191.968,CA-2017-135034,3/8/2017,First Class,AT-10735,Annie Thurman,Consumer,United States,Chicago,Illinois,Central,TEC-PH-10003931,Technology,JBL Micro Wireless Portable Bluetooth Speaker,19.1968,8-1-2017,197.967
Phones,1919.8,CA-2014-162278,10/30/2014,Second Class,AH-10585,Angele Hood,Consumer,United States,Seattle,Washington,West,TEC-PH-10000526,Technology,Vtech CS6719,76.792,26-10-2014,1958.196
Phones,1919.8,CA-2017-134096,9/29/2017,Standard Class,PP-18955,Paul Prost,Home Office,United States,Hollywood,Florida,South,TEC-PH-10000526,Technology,Vtech CS6719,76.792,24-9-2017,1958.196
Phones,1919.84,CA-2014-122749,9/12/2014,Standard Class,NG-18430,Nathan Gelder,Consumer,United States,Oklahoma City,Oklahoma,Central,TEC-PH-10003811,Technology,Jabra Supreme Plus Driver Edition Headset,0,12-3-2014,2054.2288
Phones,19196.8,CA-2017-127180,10/24/2017,First Class,TA-21385,Tom Ashbrook,Home Office,United States,New York City,New York,East,TEC-PH-10001494,Technology,Polycom CX600 IP Phone VoIP phone,0,22-10-2017,19844.692
Phones,1929.312,CA-2014-100867,10/24/2014,Standard Class,EH-14125,Eugene Hildebrand,Home Office,United States,Lakewood,California,West,TEC-PH-10004922,Technology,RCA Visys Integrated PBX 8-Line Router,64.3104,19-10-2014,1949.409
Phones,1940.992,CA-2017-152310,8/19/2017,Standard Class,DK-12895,Dana Kaydos,Consumer,United States,Seattle,Washington,West,TEC-PH-10002538,Technology,Grandstream GXP1160 VoIP phone,48.5248,8-12-2017,1968.2872
Phones,195.936,US-2015-163433,4/22/2015,Second Class,MP-17965,Michael Paige,Corporate,United States,Mcallen,Texas,Central,TEC-PH-10001870,Technology,Lunatik TT5L-002 Taktik Strike Impact Protection System for iPhone 5,19.5936,18-4-2015,202.059
Phones,195.96,US-2016-157728,9/28/2016,Standard Class,RC-19960,Ryan Crowe,Consumer,United States,Grand Rapids,Michigan,Central,TEC-PH-10001305,Technology,Panasonic KX TS208W Corded phone,0,22-9-2016,223.3944
Phones,1971.072,CA-2017-114258,10/11/2017,Second Class,EM-13825,Elizabeth Moffitt,Corporate,United States,Dallas,Texas,Central,TEC-PH-10003012,Technology,Nortel Meridian M3904 Professional Digital phone,98.5536,11-5-2017,2026.5084
Phones,1977.504,US-2016-100720,7/21/2016,Standard Class,CK-12205,Chloris Kastensmidt,Consumer,United States,Philadelphia,Pennsylvania,East,TEC-PH-10003963,Technology,GE 2-Jack Phone Line Splitter,197.7504,16-7-2016,1862.1496
Phones,1979.91,CA-2014-166051,5/6/2014,Standard Class,JK-15625,Jim Karlsson,Consumer,United States,Jackson,Mississippi,South,TEC-PH-10002680,Technology,Samsung Galaxy Note 3,0,31-5-2014,2177.901
Phones,1979.928,CA-2017-103380,11/25/2017,Standard Class,BF-11005,Barry Franz,Home Office,United States,Pasadena,California,West,TEC-PH-10004165,Technology,Mitel MiVoice 5330e IP Phone,131.9952,21-11-2017,2029.4262
Phones,1979.928,US-2017-101539,3/18/2017,Second Class,VM-21685,Valerie Mitchum,Home Office,United States,Seattle,Washington,West,TEC-PH-10004165,Technology,Mitel MiVoice 5330e IP Phone,131.9952,16-3-2017,2029.4262
Phones,198,US-2016-127425,8/31/2016,Standard Class,DR-12880,Dan Reichenbach,Corporate,United States,New York City,New York,East,TEC-PH-10003442,Technology,Samsung Replacement EH64AVFWE Premium Headset,0,26-8-2016,206.25
Phones,199.8,CA-2017-161459,11/29/2017,Second Class,EB-13750,Edward Becker,Corporate,United States,Laguna Niguel,California,West,TEC-PH-10004071,Technology,PayAnywhere Card Reader,7.992,25-11-2017,203.2965
Phones,199.8,US-2016-115819,4/24/2016,Second Class,JO-15280,Jas O'Carroll,Consumer,United States,Los Angeles,California,West,TEC-PH-10004700,Technology,PowerGen Dual USB Car Charger,7.992,19-4-2016,212.787
Phones,199.96,CA-2017-102925,10/11/2017,Second Class,CD-12280,Christina DeMoss,Consumer,United States,New York City,New York,East,TEC-PH-10001448,Technology,Anker Astro 15000mAh USB Portable Charger,0,11-5-2017,203.9592
Phones,1996.672,CA-2017-159667,11/13/2017,Standard Class,PM-19135,Peter McVee,Home Office,United States,Jacksonville,Florida,South,TEC-PH-10004094,Technology,Motorola L703CM,99.8336,11-9-2017,2027.87
Phones,1999.8,CA-2014-126361,9/8/2014,Second Class,VD-21670,Valerie Dominguez,Consumer,United States,Pleasant Grove,Utah,West,TEC-PH-10002310,Technology,Panasonic KX T7731-B Digital phone,79.992,8-4-2014,2034.7965
Phones,2.97,CA-2017-127705,6/6/2017,Standard Class,AB-10255,Alejandro Ballentine,Home Office,United States,Lorain,Ohio,East,TEC-PH-10000347,Technology,Cush Cases Heavy Duty Rugged Cover Case for Samsung Galaxy S5 - Purple,1.188,6-2-2017,2.3265
Phones,2003.168,CA-2016-140249,3/10/2016,Standard Class,SW-20455,Shaun Weien,Consumer,United States,Seattle,Washington,West,TEC-PH-10002584,Technology,Samsung Galaxy S4,200.3168,27-9-2016,2128.366
Phones,2003.168,CA-2017-163006,4/7/2017,Second Class,GH-14410,Gary Hansen,Home Office,United States,Chicago,Illinois,Central,TEC-PH-10002584,Technology,Samsung Galaxy S4,200.3168,30-6-2017,2128.366
Phones,201.528,CA-2016-134110,11/18/2016,First Class,BG-11035,Barry Gonzalez,Consumer,United States,The Colony,Texas,Central,TEC-PH-10002350,Technology,Apple EarPods with Remote and Mic,13.4352,17-11-2016,208.2456
Phones,2015.84,CA-2014-158274,11/24/2014,Second Class,RM-19675,Robert Marley,Home Office,United States,Monroe,Louisiana,South,TEC-PH-10003273,Technology,AT&T TR1909W,0,19-11-2014,2146.8696
Phones,2015.84,CA-2015-113145,5/11/2015,Standard Class,VD-21670,Valerie Dominguez,Consumer,United States,New York City,New York,East,TEC-PH-10002597,Technology,Xblue XB-1670-86 X16 Small Office Telephone - Titanium,0,11-1-2015,2141.83
Phones,2015.84,US-2017-135986,6/27/2017,Standard Class,PG-18895,Paul Gonzalez,Consumer,United States,Richmond,Virginia,South,TEC-PH-10003691,Technology,BlackBerry Q10,0,20-6-2017,2141.83
Phones,2019.55,US-2014-155502,1/31/2014,Standard Class,SD-20485,Shirley Daniels,Home Office,United States,Alexandria,Virginia,South,TEC-PH-10004833,Technology,Macally Suction Cup Mount,0,26-1-2014,2019.55
Phones,203.976,CA-2015-147830,12/18/2015,First Class,NF-18385,Natalie Fritzler,Consumer,United States,Newark,Ohio,East,TEC-PH-10004908,Technology,Panasonic KX TS3282W Corded phone,40.7952,15-12-2015,186.978
Phones,2032.74,CA-2017-100524,2/4/2017,Second Class,CM-12115,Chad McGuire,Consumer,United States,New York City,New York,East,TEC-PH-10002549,Technology,Polycom SoundPoint IP 450 VoIP phone,0,31-3-2017,2208.9108
Phones,2035.072,CA-2017-117114,5/11/2017,Standard Class,CY-12745,Craig Yedwab,Corporate,United States,Chicago,Illinois,Central,TEC-PH-10004042,Technology,ClearOne Communications CHAT 70 OC Speaker Phone,101.7536,31-10-2017,2073.2296
Phones,204.714,US-2016-155173,10/3/2016,Standard Class,JB-16045,Julia Barnett,Home Office,United States,Philadelphia,Pennsylvania,East,TEC-PH-10002538,Technology,Grandstream GXP1160 VoIP phone,27.2952,3-6-2016,192.2037
Phones,2047.488,CA-2014-110184,7/16/2014,Standard Class,BF-11170,Ben Ferrer,Home Office,United States,Los Angeles,California,West,TEC-PH-10000439,Technology,GE DSL Phone Line Filter,51.1872,7-12-2014,2076.2808
Phones,20579.51,US-2017-105935,1/31/2017,Standard Class,BD-11500,Bradley Drucker,Consumer,United States,Columbus,Georgia,South,TEC-PH-10001459,Technology,Samsung Galaxy Mega 6.3,0,26-1-2017,21343.8918
Phones,2079.168,US-2015-126753,8/20/2015,Standard Class,SP-20860,Sung Pak,Corporate,United States,Philadelphia,Pennsylvania,East,TEC-PH-10003580,Technology,Cisco IP Phone 7961G-GE VoIP phone,207.9168,16-8-2015,1966.5464
Phones,2079.456,CA-2016-155978,1/8/2016,Same Day,TS-21205,Thomas Seio,Corporate,United States,Riverside,California,West,TEC-PH-10002885,Technology,Apple iPhone 5,207.9456,8-1-2016,2170.4322
Phones,209.96,CA-2015-156335,9/28/2015,Second Class,PO-19195,Phillina Ober,Home Office,United States,Bayonne,New Jersey,East,TEC-PH-10002726,Technology,netTALK DUO VoIP Telephone Service,0,25-9-2015,262.45
Phones,2095,US-2015-115238,4/5/2015,Standard Class,JW-15220,Jane Waco,Corporate,United States,Lawrence,Massachusetts,East,TEC-PH-10001300,Technology,"iKross Bluetooth Portable Keyboard + Cell Phone Stand Holder + Brush for Apple iPhone 5S 5C 5, 4S 4",0,30-4-2015,2153.66
Phones,21.99,CA-2015-111164,4/15/2015,Standard Class,SE-20110,Sanjit Engle,Consumer,United States,New York City,New York,East,TEC-PH-10004531,Technology,OtterBox Commuter Series Case - iPhone 5 & 5s,0,4-11-2015,32.5452
Phones,211.168,CA-2014-110555,4/18/2014,Standard Class,MM-18055,Michelle Moray,Consumer,United States,Great Falls,Montana,West,TEC-PH-10000586,Technology,AT&T SB67148 SynJ,21.1168,4-11-2014,220.4066
Phones,211.168,CA-2015-123092,7/12/2015,Standard Class,JG-15115,Jack Garza,Consumer,United States,Jacksonville,North Carolina,South,TEC-PH-10001700,Technology,Panasonic KX-TG6844B Expandable Digital Cordless Telephone,21.1168,12-3-2015,220.4066
Phones,211.168,CA-2015-156146,10/30/2015,Second Class,AG-10495,Andrew Gjertsen,Corporate,United States,Peoria,Arizona,West,TEC-PH-10001700,Technology,Panasonic KX-TG6844B Expandable Digital Cordless Telephone,21.1168,26-10-2015,220.4066
Phones,211.168,CA-2016-159730,9/21/2016,Standard Class,SJ-20125,Sanjit Jacobs,Home Office,United States,Seattle,Washington,West,TEC-PH-10002085,Technology,Clarity 53712,21.1168,17-9-2016,219.0868
Phones,211.168,CA-2017-145233,5/12/2017,Standard Class,DV-13465,Dianna Vittorini,Consumer,United States,Denver,Colorado,West,TEC-PH-10000586,Technology,AT&T SB67148 SynJ,21.1168,12-1-2017,220.4066
Phones,211.96,CA-2015-104129,2/3/2015,Standard Class,ES-14080,Erin Smith,Corporate,United States,Providence,Rhode Island,East,TEC-PH-10003800,Technology,i.Sound Portable Power - 8000 mAh,0,27-2-2015,213.0198
Phones,2123.64,CA-2017-156776,11/8/2017,Standard Class,JL-15505,Jeremy Lonsdale,Consumer,United States,Westminster,California,West,TEC-PH-10002415,Technology,Polycom VoiceStation 500 Conference phone,141.576,8-7-2017,2167.8825
Phones,215.928,CA-2016-103107,4/7/2016,Same Day,RB-19465,Rick Bensley,Home Office,United States,Seattle,Washington,West,TEC-PH-10002564,Technology,OtterBox Defender Series Case - Samsung Galaxy S4,14.3952,7-4-2016,224.925
Phones,215.928,CA-2016-166163,8/20/2016,Second Class,CY-12745,Craig Yedwab,Corporate,United States,Oakland,California,West,TEC-PH-10004896,Technology,Nokia Lumia 521 (T-Mobile),14.3952,15-8-2016,223.1256
Phones,215.928,CA-2017-119424,6/14/2017,Second Class,SB-20185,Sarah Brown,Consumer,United States,Kent,Washington,West,TEC-PH-10002564,Technology,OtterBox Defender Series Case - Samsung Galaxy S4,14.3952,6-12-2017,224.925
Phones,215.928,CA-2017-166093,8/24/2017,Standard Class,RW-19540,Rick Wilson,Corporate,United States,Brentwood,California,West,TEC-PH-10002564,Technology,OtterBox Defender Series Case - Samsung Galaxy S4,14.3952,17-8-2017,224.925
Phones,215.928,US-2017-148768,2/12/2017,Second Class,PN-18775,Parhena Norris,Home Office,United States,Miami,Florida,South,TEC-PH-10002564,Technology,OtterBox Defender Series Case - Samsung Galaxy S4,14.3952,30-11-2017,224.925
Phones,217.472,US-2017-112613,1/6/2017,Standard Class,JH-15910,Jonathan Howell,Consumer,United States,Houston,Texas,Central,TEC-PH-10001536,Technology,Spigen Samsung Galaxy S5 Case Wallet,10.8736,28-5-2017,221.5496
Phones,217.568,CA-2016-136231,7/9/2016,Second Class,DM-13015,Darrin Martin,Consumer,United States,Johnson City,Tennessee,South,TEC-PH-10002660,Technology,Nortel Networks T7316 E Nt8 B27,21.7568,9-5-2016,224.367
Phones,217.568,US-2016-137295,1/13/2016,Standard Class,VS-21820,Vivek Sundaresam,Consumer,United States,Raleigh,North Carolina,South,TEC-PH-10004080,Technology,Avaya 5410 Digital phone,21.7568,1-8-2016,228.4464
Phones,21778.79,CA-2017-123372,2/12/2017,Standard Class,DG-13300,Deirdre Greer,Corporate,United States,New York City,New York,East,TEC-PH-10002834,Technology,Google Nexus 5,0,28-11-2017,22273.7625
Phones,218,CA-2014-159709,5/15/2014,Standard Class,AI-10855,Arianne Irving,Consumer,United States,Kent,Washington,West,TEC-PH-10003988,Technology,"LF Elite 3D Dazzle Designer Hard Case Cover, Lf Stylus Pen and Wiper For Apple Iphone 5c Mini Lite",8.72,5-10-2014,222.36
Phones,218,US-2016-148901,5/19/2016,Standard Class,MK-17905,Michael Kennedy,Corporate,United States,Jacksonville,Florida,South,TEC-PH-10003988,Technology,"LF Elite 3D Dazzle Designer Hard Case Cover, Lf Stylus Pen and Wiper For Apple Iphone 5c Mini Lite",8.72,14-5-2016,222.36
Phones,22.24,CA-2014-120411,9/23/2014,First Class,SB-20185,Sarah Brown,Consumer,United States,Chicago,Illinois,Central,TEC-PH-10002185,Technology,QVS USB Car Charger 2-Port 2.1Amp for iPod/iPhone/iPad/iPad 2/iPad 3,2.224,20-9-2014,25.715
Phones,22.24,US-2017-152569,5/20/2017,Standard Class,JD-16015,Joy Daniels,Consumer,United States,Chicago,Illinois,Central,TEC-PH-10002185,Technology,QVS USB Car Charger 2-Port 2.1Amp for iPod/iPhone/iPad/iPad 2/iPad 3,2.224,15-5-2017,25.715
Phones,2229.8,CA-2014-131450,8/15/2014,Standard Class,LR-16915,Lena Radford,Consumer,United States,San Diego,California,West,TEC-PH-10002398,Technology,AT&T 1070 Corded Phone,89.192,8-8-2014,2285.545
Phones,2229.8,US-2016-143280,2/26/2016,Standard Class,TZ-21580,Tracy Zic,Consumer,United States,Los Angeles,California,West,TEC-PH-10002398,Technology,AT&T 1070 Corded Phone,89.192,22-2-2016,2285.545
Phones,223.968,CA-2015-120103,12/29/2015,Standard Class,MS-17365,Maribeth Schnelling,Consumer,United States,Phoenix,Arizona,West,TEC-PH-10002170,Technology,ClearSounds CSC500 Amplified Spirit Phone Corded phone,22.3968,24-12-2015,235.1664
Phones,223.968,CA-2017-127306,1/18/2017,Standard Class,BH-11710,Brosina Hoffman,Consumer,United States,Johnson City,Tennessee,South,TEC-PH-10001924,Technology,iHome FM Clock Radio with Lightning Dock,22.3968,14-1-2017,230.967
Phones,22462.56,CA-2015-125976,2/10/2015,Standard Class,JK-15205,Jamie Kunitz,Consumer,United States,Arlington,Virginia,South,TEC-PH-10002496,Technology,Cisco SPA301,0,27-9-2015,23024.124
Phones,23.648,CA-2015-155068,10/23/2015,Same Day,RA-19285,Ralph Arnett,Consumer,United States,Lakeland,Florida,South,TEC-PH-10004924,Technology,"SKILCRAFT Telephone Shoulder Rest, 2"" x 6.5"" x 2.5"", Black",2.3648,23-10-2015,24.6826
Phones,230.272,CA-2017-133207,3/12/2017,Standard Class,DO-13645,Doug O'Connell,Consumer,United States,Los Angeles,California,West,TEC-PH-10004100,Technology,Griffin GC17055 Auxiliary Audio Cable,11.5136,27-11-2017,236.0288
Phones,2303.872,CA-2014-123225,7/14/2014,First Class,MN-17935,Michael Nguyen,Consumer,United States,El Paso,Texas,Central,TEC-PH-10000895,Technology,Polycom VVX 310 VoIP phone,115.1936,7-11-2014,2347.0696
Phones,2320,CA-2014-103429,1/6/2014,First Class,LW-16825,Laurel Workman,Corporate,United States,New York City,New York,East,TEC-PH-10003505,Technology,Geemarc AmpliPOWER60,0,30-5-2014,2454.56
Phones,233.96,CA-2017-100230,12/15/2017,Standard Class,AA-10375,Allen Armold,Consumer,United States,New York City,New York,East,TEC-PH-10004522,Technology,Dexim XPower Skin Super-Thin Power Case for iPhone 5 - Black,0,12-11-2017,263.205
Phones,2349.75,CA-2015-107678,4/28/2015,Standard Class,JK-16090,Juliana Krohn,Consumer,United States,Louisville,Kentucky,South,TEC-PH-10002103,Technology,Jabra SPEAK 410,0,21-4-2015,2481.336
Phones,2375.64,CA-2017-124205,9/19/2017,Standard Class,TC-21145,Theresa Coyne,Corporate,United States,Lakewood,New Jersey,East,TEC-PH-10002115,Technology,Plantronics 81402,0,15-9-2017,2478.5844
Phones,238.04,CA-2017-144848,5/4/2017,First Class,DS-13030,Darrin Sayre,Home Office,United States,New York City,New York,East,TEC-PH-10002262,Technology,LG Electronics Tone+ HBS-730 Bluetooth Headset,0,4-4-2017,271.3656
Phones,2399.75,CA-2016-112123,8/3/2016,Standard Class,BH-11710,Brosina Hoffman,Consumer,United States,Newark,Delaware,East,TEC-PH-10001557,Technology,Pyle PMP37LED,0,3-3-2016,2529.3365
Phones,2419.072,CA-2017-157273,2/2/2017,First Class,SZ-20035,Sam Zeldin,Home Office,United States,Seattle,Washington,West,TEC-PH-10002275,Technology,Mitel 5320 IP Phone VoIP phone,120.9536,30-1-2017,2479.5488
Phones,24499.51,CA-2014-163223,3/25/2014,Standard Class,KH-16690,Kristen Hastings,Corporate,United States,Springfield,Virginia,South,TEC-PH-10000730,Technology,Samsung Galaxy S4 Active,0,21-3-2014,25409.4918
Phones,2455.128,US-2014-138247,12/29/2014,Standard Class,BF-11170,Ben Ferrer,Home Office,United States,Los Angeles,California,West,TEC-PH-10001530,Technology,Cisco Unified IP Phone 7945G VoIP phone,163.6752,24-12-2014,2506.2765
Phones,2474.91,CA-2015-110765,10/20/2015,Second Class,MP-17965,Michael Paige,Corporate,United States,New York City,New York,East,TEC-PH-10004165,Technology,Mitel MiVoice 5330e IP Phone,0,16-10-2015,2689.4022
Phones,248.346,CA-2014-154963,6/27/2014,Standard Class,AA-10645,Anna Andreadi,Consumer,United States,Chester,Pennsylvania,East,TEC-PH-10004093,Technology,Panasonic Kx-TS550,33.1128,22-6-2014,233.1693
Phones,2508.672,CA-2014-136399,12/17/2014,First Class,CC-12100,Chad Cunningham,Home Office,United States,Los Angeles,California,West,TEC-PH-10004977,Technology,GE 30524EE4,125.4336,16-12-2014,2579.2284
Phones,2508.672,CA-2017-144498,6/5/2017,Same Day,MB-18085,Mick Brown,Consumer,United States,Charlotte,North Carolina,South,TEC-PH-10004977,Technology,GE 30524EE4,125.4336,5-6-2017,2579.2284
Phones,251.91,CA-2015-145184,11/29/2015,First Class,JD-16150,Justin Deggeller,Corporate,United States,Newark,Delaware,East,TEC-PH-10002350,Technology,Apple EarPods with Remote and Mic,0,27-11-2015,275.4216
Phones,2519.8,CA-2015-129917,3/10/2015,First Class,HM-14980,Henry MacAllister,Consumer,United States,Los Angeles,California,West,TEC-PH-10000369,Technology,HTC One Mini,100.792,10-2-2015,2570.196
Phones,2519.8,CA-2017-140872,10/6/2017,Standard Class,NR-18550,Nick Radford,Consumer,United States,Pembroke Pines,Florida,South,TEC-PH-10000441,Technology,VTech DS6151,100.792,6-3-2017,2570.196
Phones,2527.84,CA-2015-141040,10/13/2015,Second Class,TB-21250,Tim Brockman,Consumer,United States,New York City,New York,East,TEC-PH-10001835,Technology,Jawbone JAMBOX Wireless Bluetooth Speaker,0,10-9-2015,2831.1808
Phones,2527.84,CA-2016-100510,5/17/2016,Standard Class,HM-14860,Harry Marie,Corporate,United States,New York City,New York,East,TEC-PH-10001835,Technology,Jawbone JAMBOX Wireless Bluetooth Speaker,0,5-12-2016,2831.1808
Phones,2543.84,CA-2016-133550,6/8/2016,Standard Class,KL-16645,Ken Lonsdale,Consumer,United States,Detroit,Michigan,Central,TEC-PH-10004042,Technology,ClearOne Communications CHAT 70 OC Speaker Phone,0,31-7-2016,2709.1896
Phones,2577.6,CA-2016-108056,3/10/2016,Standard Class,ES-14080,Erin Smith,Corporate,United States,Springfield,Oregon,West,TEC-PH-10001817,Technology,Wilson Electronics DB Pro Signal Booster,171.84,29-9-2016,2652.78
Phones,2577.6,CA-2017-122364,9/29/2017,Standard Class,FA-14230,Frank Atkinson,Corporate,United States,Los Angeles,California,West,TEC-PH-10001817,Technology,Wilson Electronics DB Pro Signal Booster,171.84,24-9-2017,2652.78
Phones,2586.808,CA-2017-152933,10/16/2017,Standard Class,MG-17650,Matthew Grinstein,Home Office,United States,Dallas,Texas,Central,TEC-PH-10002085,Technology,Clarity 53712,73.9088,10-12-2017,2614.5238
Phones,2586.808,US-2017-163300,9/21/2017,Standard Class,ES-14020,Erica Smith,Consumer,United States,Los Angeles,California,West,TEC-PH-10001700,Technology,Panasonic KX-TG6844B Expandable Digital Cordless Telephone,73.9088,15-9-2017,2619.1431
Phones,259.96,CA-2014-127187,8/12/2014,Standard Class,CP-12085,Cathy Prescott,Corporate,United States,New York City,New York,East,TEC-PH-10000673,Technology,Plantronics Voyager Pro HD - Bluetooth Headset,0,12-4-2014,322.3504
Phones,259.96,CA-2016-115476,3/17/2016,Same Day,VM-21835,Vivian Mathis,Consumer,United States,Newark,Delaware,East,TEC-PH-10000673,Technology,Plantronics Voyager Pro HD - Bluetooth Headset,0,17-3-2016,322.3504
Phones,2591.64,CA-2017-117079,10/27/2017,Standard Class,JR-15700,Jocasta Rupert,Consumer,United States,Jacksonville,Florida,South,TEC-PH-10004586,Technology,Wilson SignalBoost 841262 DB PRO Amplifier Kit,172.776,23-10-2017,2699.625
Phones,2599.32,CA-2017-100111,9/26/2017,Standard Class,SV-20365,Seth Vernon,Consumer,United States,New York City,New York,East,TEC-PH-10002885,Technology,Apple iPhone 5,0,20-9-2017,2950.2282
Phones,260.91,CA-2017-166317,9/26/2017,Standard Class,JE-15610,Jim Epp,Corporate,United States,Milwaukee,Wisconsin,Central,TEC-PH-10001615,Technology,AT&T CL82213,0,22-9-2017,286.1313
Phones,263.96,CA-2015-108532,2/9/2015,Standard Class,CC-12100,Chad Cunningham,Home Office,United States,Detroit,Michigan,Central,TEC-PH-10001750,Technology,Samsung Rugby III,0,29-8-2015,299.5946
Phones,263.96,CA-2017-135860,7/12/2017,Standard Class,JH-15985,Joseph Holt,Consumer,United States,Saginaw,Michigan,Central,TEC-PH-10001700,Technology,Panasonic KX-TG6844B Expandable Digital Cordless Telephone,0,12-1-2017,299.5946
Phones,2636.672,CA-2015-126557,7/17/2015,Second Class,RL-19615,Rob Lucas,Consumer,United States,Chicago,Illinois,Central,TEC-PH-10003963,Technology,GE 2-Jack Phone Line Splitter,131.8336,7-12-2015,2686.1096
Phones,266.256,CA-2015-145821,7/5/2015,Standard Class,JB-15400,Jennifer Braxton,Corporate,United States,Los Angeles,California,West,TEC-PH-10004348,Technology,OtterBox Defender Series Case - iPhone 5c,17.7504,5-1-2015,277.35
Phones,266.328,CA-2014-148782,7/11/2014,Standard Class,PO-18850,Patrick O'Brill,Consumer,United States,Irving,Texas,Central,TEC-PH-10002923,Technology,"Logitech B530 USB Headset - headset - Full size, Binaural",17.7552,11-2-2014,274.0959
Phones,266.328,CA-2015-151253,4/26/2015,Standard Class,AZ-10750,Annie Zypern,Consumer,United States,Los Angeles,California,West,TEC-PH-10002923,Technology,"Logitech B530 USB Headset - headset - Full size, Binaural",17.7552,22-4-2015,274.0959
Phones,266.328,CA-2017-131828,2/13/2017,Second Class,CS-11845,Cari Sayre,Corporate,United States,Seattle,Washington,West,TEC-PH-10002923,Technology,"Logitech B530 USB Headset - headset - Full size, Binaural",17.7552,2-11-2017,274.0959
Phones,266.328,CA-2017-158071,6/15/2017,Standard Class,BD-11320,Bill Donatelli,Consumer,United States,Seattle,Washington,West,TEC-PH-10002923,Technology,"Logitech B530 USB Headset - headset - Full size, Binaural",17.7552,6-10-2017,274.0959
Phones,267.96,US-2015-163825,6/19/2015,First Class,LC-16885,Lena Creighton,Consumer,United States,New York City,New York,East,TEC-PH-10004922,Technology,RCA Visys Integrated PBX 8-Line Router,0,16-6-2015,301.455
Phones,268.16,CA-2017-115931,12/26/2017,Standard Class,JM-15655,Jim Mitchum,Corporate,United States,Carlsbad,New Mexico,West,TEC-PH-10001300,Technology,"iKross Bluetooth Portable Keyboard + Cell Phone Stand Holder + Brush for Apple iPhone 5S 5C 5, 4S 4",13.408,22-12-2017,274.864
Phones,269.91,US-2016-144351,11/18/2016,Standard Class,RC-19960,Ryan Crowe,Consumer,United States,Baltimore,Maryland,East,TEC-PH-10001644,Technology,"BlueLounge Milo Smartphone Stand, White/Metallic",0,14-11-2016,295.1016
Phones,2699.6,US-2014-144078,11/29/2014,Standard Class,RB-19435,Richard Bierner,Consumer,United States,Los Angeles,California,West,TEC-PH-10001580,Technology,Logitech Mobile Speakerphone P710e - speaker phone,107.984,25-11-2014,2746.843
Phones,27.96,CA-2016-166618,11/18/2016,Standard Class,DP-13000,Darren Powers,Consumer,United States,New York City,New York,East,TEC-PH-10003356,Technology,"SmartStand Mobile Device Holder, Assorted Colors",0,14-11-2016,31.8744
Phones,27.992,CA-2017-119004,11/28/2017,Standard Class,JM-15250,Janet Martin,Consumer,United States,Charlotte,North Carolina,South,TEC-PH-10002844,Technology,Speck Products Candyshell Flip Case,5.5984,23-11-2017,30.0914
Phones,271.2,CA-2017-113278,1/20/2017,Standard Class,HR-14770,Hallie Redmond,Home Office,United States,Richmond,Indiana,Central,TEC-PH-10000169,Technology,ARKON Windshield Dashboard Air Vent Car Mount Holder,0,14-1-2017,272.556
Phones,271.2,US-2015-126977,9/23/2015,Standard Class,PF-19120,Peter Fuller,Consumer,United States,New York City,New York,East,TEC-PH-10000169,Technology,ARKON Windshield Dashboard Air Vent Car Mount Holder,0,17-9-2015,272.556
Phones,271.96,CA-2014-143840,5/29/2014,Standard Class,EH-14185,Evan Henry,Consumer,United States,Decatur,Alabama,South,TEC-PH-10002660,Technology,Nortel Networks T7316 E Nt8 B27,0,22-5-2014,305.955
Phones,271.968,CA-2015-134117,12/19/2015,Second Class,PG-18895,Paul Gonzalez,Consumer,United States,Los Angeles,California,West,TEC-PH-10004908,Technology,Panasonic KX TS3282W Corded phone,27.1968,17-12-2015,288.966
Phones,271.992,CA-2016-152121,11/29/2016,Second Class,CC-12670,Craig Carreira,Consumer,United States,Scottsdale,Arizona,West,TEC-PH-10002483,Technology,Motorola Moto X,54.3984,27-11-2016,295.7913
Phones,27215.352,CA-2016-160717,11/6/2016,Standard Class,ME-17320,Maria Etezadi,Home Office,United States,Santa Barbara,California,West,TEC-PH-10001459,Technology,Samsung Galaxy Mega 6.3,604.7856,6-6-2016,27442.1466
Phones,2757.632,CA-2017-107321,4/9/2017,Standard Class,AW-10930,Arthur Wiediger,Home Office,United States,San Francisco,California,West,TEC-PH-10002200,Technology,Aastra 6757i CT Wireless VoIP phone,137.8816,31-8-2017,2835.1904
Phones,276,US-2015-156797,8/15/2015,Standard Class,PO-19180,Philisse Overcash,Home Office,United States,New York City,New York,East,TEC-PH-10004614,Technology,AT&T 841000 Phone,0,8-11-2015,310.5
Phones,2779.8,CA-2015-157805,4/9/2015,Standard Class,RH-19510,Rick Huthwaite,Home Office,United States,San Diego,California,West,TEC-PH-10004447,Technology,Toshiba IPT2010-SD IP Telephone,111.192,31-8-2015,2821.497
Phones,28.99,CA-2014-102988,9/4/2014,Second Class,GM-14695,Greg Maxwell,Corporate,United States,Alexandria,Virginia,South,TEC-PH-10001615,Technology,AT&T CL82213,0,4-5-2014,37.3971
Phones,2815.872,CA-2014-144666,11/11/2014,Second Class,JP-15520,Jeremy Pistek,Consumer,United States,San Francisco,California,West,TEC-PH-10002680,Technology,Samsung Galaxy Note 3,140.7936,11-9-2014,2903.868
Phones,284.82,US-2014-117135,6/23/2014,Second Class,NP-18325,Naresj Patel,Consumer,United States,Waynesboro,Virginia,South,TEC-PH-10002033,Technology,Konftel 250 Conference phone - Charcoal black,0,21-6-2014,358.8732
Phones,286.4,CA-2016-121377,2/6/2016,Standard Class,TN-21040,Tanja Norvell,Home Office,United States,Park Ridge,Illinois,Central,TEC-PH-10001817,Technology,Wilson Electronics DB Pro Signal Booster,57.28,28-5-2016,311.46
Phones,2899.75,CA-2014-124688,8/29/2014,First Class,CC-12610,Corey Catlett,Corporate,United States,Springfield,Virginia,South,TEC-PH-10000455,Technology,GE 30522EE2,0,27-8-2014,3067.9355
Phones,29.56,CA-2016-151141,8/23/2016,First Class,DW-13480,Dianna Wilson,Home Office,United States,Detroit,Michigan,Central,TEC-PH-10004924,Technology,"SKILCRAFT Telephone Shoulder Rest, 2"" x 6.5"" x 2.5"", Black",0,20-8-2016,33.5506
Phones,29.592,CA-2017-102414,5/18/2017,Second Class,JA-15970,Joseph Airdo,Consumer,United States,Phoenix,Arizona,West,TEC-PH-10002923,Technology,"Logitech B530 USB Headset - headset - Full size, Binaural",5.9184,15-5-2017,32.1813
Phones,2915.64,CA-2015-166583,6/30/2015,Standard Class,VD-21670,Valerie Dominguez,Consumer,United States,Houston,Texas,Central,TEC-PH-10001578,Technology,Polycom SoundStation2 EX Conference phone,194.376,26-6-2015,3024.9765
Phones,2919,CA-2014-162992,12/21/2014,First Class,BP-11095,Bart Pistole,Corporate,United States,Los Angeles,California,West,TEC-PH-10001944,Technology,Wi-Ex zBoost YX540 Cellular Phone Signal Booster,116.76,19-12-2014,2991.975
Phones,293.706,CA-2016-145177,11/14/2016,Standard Class,PP-18955,Paul Prost,Home Office,United States,Springfield,Ohio,East,TEC-PH-10000376,Technology,Square Credit Card Reader,16.7832,11-10-2016,283.9158
Phones,2939.608,CA-2016-101966,7/16/2016,Second Class,BM-11785,Bryan Mills,Consumer,United States,Houston,Texas,Central,TEC-PH-10003437,Technology,Blue Parrot B250XT Professional Grade Wireless Bluetooth Headset with,83.9888,14-7-2016,2992.101
Phones,2939.608,CA-2017-102820,11/5/2017,Standard Class,CS-11950,Carlos Soltero,Consumer,United States,Pasadena,California,West,TEC-PH-10003437,Technology,Blue Parrot B250XT Professional Grade Wireless Bluetooth Headset with,83.9888,5-7-2017,2992.101
Phones,294.272,CA-2017-168389,12/17/2017,Standard Class,DV-13045,Darrin Van Huff,Corporate,United States,Jacksonville,Florida,South,TEC-PH-10003555,Technology,Motorola HK250 Universal Bluetooth Headset,14.7136,12-11-2017,277.7192
Phones,296.96,CA-2014-165309,11/15/2014,Standard Class,KD-16270,Karen Daniels,Consumer,United States,Houston,Texas,Central,TEC-PH-10003505,Technology,Geemarc AmpliPOWER60,29.696,11-11-2014,313.664
Phones,296.96,CA-2015-126557,7/17/2015,Second Class,RL-19615,Rob Lucas,Consumer,United States,Chicago,Illinois,Central,TEC-PH-10003505,Technology,Geemarc AmpliPOWER60,29.696,7-12-2015,313.664
Phones,296.96,CA-2017-123491,5/11/2017,Standard Class,JK-15205,Jamie Kunitz,Consumer,United States,San Francisco,California,West,TEC-PH-10003505,Technology,Geemarc AmpliPOWER60,29.696,30-10-2017,313.664
Phones,296.96,CA-2017-134796,1/7/2017,Standard Class,FM-14380,Fred McMath,Consumer,United States,Bolingbrook,Illinois,Central,TEC-PH-10003505,Technology,Geemarc AmpliPOWER60,29.696,25-6-2017,313.664
Phones,299.8,CA-2016-108868,12/9/2016,Standard Class,KB-16585,Ken Black,Corporate,United States,Dallas,Texas,Central,TEC-PH-10000923,Technology,"Belkin SportFit Armband For iPhone 5s/5c, Fuchsia",11.992,9-8-2016,321.5355
Phones,299.85,US-2017-164147,5/2/2017,First Class,DW-13585,Dorothy Wardle,Corporate,United States,Columbus,Ohio,East,TEC-PH-10002293,Technology,Anker 36W 4-Port USB Wall Charger Travel Power Adapter for iPhone 5s 5c 5,23.988,2-2-2017,287.856
Phones,300.768,CA-2015-110877,10/26/2015,First Class,JE-15715,Joe Elijah,Consumer,United States,Houston,Texas,Central,TEC-PH-10002103,Technology,Jabra SPEAK 410,30.0768,23-10-2015,315.8064
Phones,302.376,CA-2017-157469,7/12/2017,Standard Class,ES-14080,Erin Smith,Corporate,United States,Lakewood,Ohio,East,TEC-PH-10004531,Technology,AT&T CL2909,60.4752,12-2-2017,277.178
Phones,3023.84,CA-2014-167199,10/1/2014,Standard Class,ME-17320,Maria Etezadi,Home Office,United States,Henderson,Kentucky,South,TEC-PH-10004539,Technology,Wireless Extenders zBoost YX545 SOHO Signal Booster,0,1-6-2014,3227.9492
Phones,3046.912,CA-2016-136924,7/17/2016,First Class,ES-14080,Erin Smith,Corporate,United States,Tucson,Arizona,West,TEC-PH-10002262,Technology,LG Electronics Tone+ HBS-730 Bluetooth Headset,76.1728,14-7-2016,3084.9984
Phones,307.168,CA-2017-139311,8/13/2017,First Class,SF-20965,Sylvia Foulston,Corporate,United States,Bedford,Texas,Central,TEC-PH-10001557,Technology,Pyle PMP37LED,30.7168,8-11-2017,320.6066
Phones,307.168,US-2015-122784,7/27/2015,Standard Class,RA-19915,Russell Applegate,Consumer,United States,Highland Park,Illinois,Central,TEC-PH-10001557,Technology,Pyle PMP37LED,30.7168,20-7-2015,320.6066
Phones,31.176,CA-2016-126529,1/13/2016,Second Class,DE-13255,Deanra Eno,Home Office,United States,Springfield,Ohio,East,TEC-PH-10000148,Technology,Cyber Acoustics AC-202b Speech Recognition Stereo Headset,6.2352,1-11-2016,21.3036
Phones,31.968,CA-2015-102316,3/3/2015,Second Class,DH-13075,Dave Hallsten,Corporate,United States,Los Angeles,California,West,TEC-PH-10000376,Technology,Square Credit Card Reader,3.1968,3-1-2015,33.1668
Phones,31.968,CA-2015-163440,3/24/2015,First Class,RD-19900,Ruben Dartt,Consumer,United States,Thousand Oaks,California,West,TEC-PH-10000376,Technology,Square Credit Card Reader,3.1968,22-3-2015,33.1668
Phones,31.968,US-2017-115252,10/25/2017,Standard Class,MY-18295,Muhammed Yedwab,Corporate,United States,Durham,North Carolina,South,TEC-PH-10004071,Technology,PayAnywhere Card Reader,3.1968,20-10-2017,33.3666
Phones,3119.8,CA-2015-139248,7/30/2015,Standard Class,RD-19930,Russell D'Ascenzo,Consumer,United States,Los Angeles,California,West,TEC-PH-10004094,Technology,Motorola L703CM,124.792,25-7-2015,3158.7975
Phones,3119.8,CA-2016-135461,10/2/2016,Second Class,EB-13975,Erica Bern,Corporate,United States,Los Angeles,California,West,TEC-PH-10004094,Technology,Motorola L703CM,124.792,2-7-2016,3158.7975
Phones,3135.84,CA-2014-121573,7/11/2014,Standard Class,SG-20605,Speros Goranitis,Consumer,United States,New York City,New York,East,TEC-PH-10000984,Technology,Panasonic KX-TG9471B,0,11-3-2014,3355.3488
Phones,314.55,CA-2014-131002,12/9/2014,Second Class,TB-21400,Tom Boeckenhauer,Consumer,United States,Tulsa,Oklahoma,Central,TEC-PH-10000215,Technology,Plantronics Cordless Phone Headset with In-line Volume - M214C,0,9-7-2014,342.8595
Phones,314.55,CA-2017-100111,9/26/2017,Standard Class,SV-20365,Seth Vernon,Consumer,United States,New York City,New York,East,TEC-PH-10000215,Technology,Plantronics Cordless Phone Headset with In-line Volume - M214C,0,20-9-2017,342.8595
Phones,314.55,US-2016-108504,5/2/2016,Same Day,PP-18955,Paul Prost,Home Office,United States,Smyrna,Georgia,South,TEC-PH-10000215,Technology,Plantronics Cordless Phone Headset with In-line Volume - M214C,0,2-5-2016,342.8595
Phones,3149.75,CA-2014-125997,9/23/2014,First Class,MW-18220,Mitch Webber,Consumer,United States,New York City,New York,East,TEC-PH-10003484,Technology,Ooma Telo VoIP Home Phone System,0,20-9-2014,3307.2375
Phones,3149.75,CA-2014-128846,12/4/2014,Standard Class,RS-19765,Roland Schwarz,Corporate,United States,Columbia,South Carolina,South,TEC-PH-10003273,Technology,AT&T TR1909W,0,4-7-2014,3313.537
Phones,3149.75,CA-2015-158421,9/26/2015,Standard Class,GB-14575,Giulietta Baptist,Consumer,United States,Columbia,South Carolina,South,TEC-PH-10000369,Technology,HTC One Mini,0,21-9-2015,3326.136
Phones,3149.75,CA-2016-163804,8/12/2016,Standard Class,DB-13270,Deborah Brumfield,Home Office,United States,Providence,Rhode Island,East,TEC-PH-10000441,Technology,VTech DS6151,0,12-2-2016,3326.136
Phones,3149.75,CA-2017-159156,11/16/2017,First Class,KB-16600,Ken Brennan,Corporate,United States,New York City,New York,East,TEC-PH-10004389,Technology,Nokia Lumia 925,0,13-11-2017,3313.537
Phones,31841.67,CA-2014-144624,11/23/2014,Standard Class,JM-15865,John Murray,Consumer,United States,Jamestown,New York,East,TEC-PH-10002885,Technology,Apple iPhone 5,0,19-11-2014,33069.8487
Phones,319.84,CA-2017-104388,7/7/2017,First Class,DK-12835,Damala Kotsonis,Corporate,United States,Fremont,Nebraska,Central,TEC-PH-10002293,Technology,Anker 36W 4-Port USB Wall Charger Travel Power Adapter for iPhone 5s 5c 5,0,7-5-2017,342.2288
Phones,319.872,CA-2014-119144,11/18/2014,First Class,JD-16150,Justin Deggeller,Corporate,United States,Los Angeles,California,West,TEC-PH-10004188,Technology,OtterBox Commuter Series Case - Samsung Galaxy S4,15.9936,16-11-2014,301.8792
Phones,319.968,US-2015-123218,12/25/2015,Standard Class,KD-16345,Katherine Ducich,Consumer,United States,Chicago,Illinois,Central,TEC-PH-10001061,Technology,Apple iPhone 5C,31.9968,20-12-2015,331.9668
Phones,319.968,US-2016-151862,8/3/2016,Standard Class,ON-18715,Odella Nelson,Corporate,United States,Denver,Colorado,West,TEC-PH-10003535,Technology,RCA ViSYS 25423RE1 Corded phone,31.9968,3-1-2016,333.9666
Phones,321.354,CA-2015-128608,1/17/2015,Standard Class,CS-12490,Cindy Schnelling,Corporate,United States,Toledo,Ohio,East,TEC-PH-10002262,Technology,LG Electronics Tone+ HBS-730 Bluetooth Headset,42.8472,1-12-2015,299.9304
Phones,323.64,CA-2017-119011,8/25/2017,Standard Class,LR-17035,Lisa Ryan,Corporate,United States,San Francisco,California,West,TEC-PH-10003171,Technology,Plantronics Encore H101 Dual Earpieces Headset,21.576,20-8-2017,334.428
Phones,323.64,US-2017-107888,11/19/2017,First Class,CC-12220,Chris Cortes,Consumer,United States,Seattle,Washington,West,TEC-PH-10003171,Technology,Plantronics Encore H101 Dual Earpieces Headset,21.576,16-11-2017,334.428
Phones,323.928,CA-2015-123330,6/27/2015,Standard Class,EP-13915,Emily Phan,Consumer,United States,Deltona,Florida,South,TEC-PH-10001819,Technology,Innergie mMini Combo Duo USB Travel Charging Kit,21.5952,21-6-2015,361.7196
Phones,323.946,CA-2015-114923,2/13/2015,Standard Class,LH-17020,Lisa Hazard,Consumer,United States,Columbus,Ohio,East,TEC-PH-10003931,Technology,JBL Micro Wireless Portable Bluetooth Speaker,43.1928,2-8-2015,296.9505
Phones,323.946,CA-2017-117870,1/30/2017,Second Class,JH-15820,John Huston,Consumer,United States,Kent,Ohio,East,TEC-PH-10003931,Technology,JBL Micro Wireless Portable Bluetooth Speaker,43.1928,27-1-2017,296.9505
Phones,3239.55,CA-2017-152975,9/16/2017,First Class,RB-19705,Roger Barcio,Home Office,United States,New York City,New York,East,TEC-PH-10004586,Technology,Wilson SignalBoost 841262 DB PRO Amplifier Kit,0,14-9-2017,3563.505
Phones,3239.784,CA-2014-129147,6/11/2014,Standard Class,LC-17050,Liz Carlisle,Consumer,United States,Medina,Ohio,East,TEC-PH-10001299,Technology,Polycom CX300 Desktop Phone USB VoIP phone,215.9856,11-2-2014,3131.7912
Phones,3239.784,US-2014-159926,11/22/2014,Standard Class,CS-11950,Carlos Soltero,Consumer,United States,Philadelphia,Pennsylvania,East,TEC-PH-10001128,Technology,Motorola Droid Maxx,215.9856,18-11-2014,3131.7912
Phones,325.728,US-2016-144211,2/9/2016,Standard Class,CS-12130,Chad Sievert,Consumer,United States,Englewood,Colorado,West,TEC-PH-10002890,Technology,AT&T 17929 Lendline Telephone,21.7152,28-8-2016,333.8712
Phones,3263.106,CA-2015-109001,9/3/2015,Standard Class,KN-16390,Katherine Nockton,Corporate,United States,Philadelphia,Pennsylvania,East,TEC-PH-10000562,Technology,Samsung Convoy 3,186.4632,3-5-2015,3169.8744
Phones,328.776,CA-2017-134404,12/27/2017,Same Day,DR-12880,Dan Reichenbach,Corporate,United States,Newark,Ohio,East,TEC-PH-10000576,Technology,AT&T 1080 Corded phone,65.7552,27-12-2017,293.1586
Phones,331.056,CA-2015-118871,9/12/2015,Second Class,HM-14860,Harry Marie,Corporate,United States,Los Angeles,California,West,TEC-PH-10000193,Technology,Jensen SMPS-640 - speaker phone,22.0704,12-4-2015,339.3324
Phones,331.056,CA-2017-104619,1/29/2017,Standard Class,KD-16495,Keith Dawkins,Corporate,United States,San Jose,California,West,TEC-PH-10000193,Technology,Jensen SMPS-640 - speaker phone,22.0704,24-1-2017,339.3324
Phones,331.128,CA-2016-109953,7/18/2016,Standard Class,RB-19360,Raymond Buch,Consumer,United States,San Francisco,California,West,TEC-PH-10004093,Technology,Panasonic Kx-TS550,22.0752,14-7-2016,343.5453
Phones,33271.296,CA-2016-159016,11/3/2016,First Class,KF-16285,Karen Ferguson,Home Office,United States,Los Angeles,California,West,TEC-PH-10002885,Technology,Apple iPhone 5,831.7824,3-10-2016,33635.2008
Phones,3331.608,US-2014-133949,12/31/2014,Same Day,JL-15175,James Lanier,Home Office,United States,Reno,Nevada,West,TEC-PH-10004908,Technology,Panasonic KX TS3282W Corded phone,95.1888,31-12-2014,3391.101
Phones,3379.8,CA-2015-157084,12/24/2015,Standard Class,JG-15160,James Galang,Consumer,United States,Los Angeles,California,West,TEC-PH-10002922,Technology,ShoreTel ShorePhone IP 230 VoIP phone,135.192,19-12-2015,3464.295
Phones,3383.928,CA-2016-109344,11/2/2016,Second Class,CH-12070,Cathy Hwang,Home Office,United States,Raleigh,North Carolina,South,TEC-PH-10002624,Technology,Samsung Galaxy S4 Mini,225.5952,2-8-2016,3510.8253
Phones,3387.9,CA-2017-144526,6/5/2017,Standard Class,QJ-19255,Quincy Jones,Corporate,United States,Philadelphia,Pennsylvania,East,TEC-PH-10002549,Technology,Polycom SoundPoint IP 450 VoIP phone,271.032,30-4-2017,3229.798
Phones,34.36,CA-2017-157966,3/13/2017,Same Day,SU-20665,Stephanie Ulpright,Home Office,United States,Chicago,Illinois,Central,TEC-PH-10001527,Technology,Plantronics MX500i Earset,6.872,13-3-2017,27.0585
Phones,3401.352,CA-2016-108882,1/15/2016,Standard Class,LA-16780,Laura Armstrong,Corporate,United States,Fresno,California,West,TEC-PH-10002726,Technology,netTALK DUO VoIP Telephone Service,75.5856,1-9-2016,3543.075
Phones,341.19,CA-2014-166051,5/6/2014,Standard Class,JK-15625,Jim Karlsson,Consumer,United States,Jackson,Mississippi,South,TEC-PH-10002538,Technology,Grandstream GXP1160 VoIP phone,0,31-5-2014,374.1717
Phones,341.19,CA-2015-158421,9/26/2015,Standard Class,GB-14575,Giulietta Baptist,Consumer,United States,Columbia,South Carolina,South,TEC-PH-10002538,Technology,Grandstream GXP1160 VoIP phone,0,21-9-2015,374.1717
Phones,3436.8,CA-2017-127782,6/11/2017,Standard Class,TH-21115,Thea Hudgings,Corporate,United States,Philadelphia,Pennsylvania,East,TEC-PH-10001817,Technology,Wilson Electronics DB Pro Signal Booster,343.68,11-2-2017,3250.64
Phones,344.16,US-2017-112347,6/12/2017,Standard Class,BS-11380,Bill Stewart,Corporate,United States,Denver,Colorado,West,TEC-PH-10004833,Technology,Macally Suction Cup Mount,11.472,12-2-2017,329.82
Phones,344.448,CA-2014-135993,2/6/2014,Standard Class,PJ-18835,Patrick Jones,Corporate,United States,Seattle,Washington,West,TEC-PH-10001552,Technology,I Need's 3d Hello Kitty Hybrid Silicone Case Cover for HTC One X 4g with 3d Hello Kitty Stylus Pen Green/pink,11.4816,28-5-2014,350.1888
Phones,3447.04,CA-2015-145814,11/24/2015,Standard Class,KD-16345,Katherine Ducich,Consumer,United States,New York City,New York,East,TEC-PH-10002200,Technology,Aastra 6757i CT Wireless VoIP phone,0,19-11-2015,3696.9504
Phones,35.04,US-2017-109316,10/6/2017,First Class,MG-17680,Maureen Gastineau,Home Office,United States,Los Angeles,California,West,TEC-PH-10000307,Technology,Shocksock Galaxy S4 Armband,3.504,6-8-2017,31.536
Phones,35.96,US-2017-114356,8/26/2017,Standard Class,TT-21460,Tonja Turnell,Home Office,United States,Charlotte,North Carolina,South,TEC-PH-10003171,Technology,Plantronics Encore H101 Dual Earpieces Headset,7.192,20-8-2017,39.556
Phones,3509.082,CA-2017-121839,9/28/2017,Standard Class,MH-18115,Mick Hernandez,Home Office,United States,Lancaster,Ohio,East,TEC-PH-10002885,Technology,Apple iPhone 5,467.8776,24-9-2017,3255.6483
Phones,351.2,CA-2017-143112,9/10/2017,Standard Class,TS-21370,Todd Sumrall,Corporate,United States,New York City,New York,East,TEC-PH-10003095,Technology,Samsung HM1900 Bluetooth Headset,0,10-5-2017,395.1
Phones,351.624,CA-2014-129147,6/11/2014,Standard Class,LC-17050,Liz Carlisle,Consumer,United States,Medina,Ohio,East,TEC-PH-10001552,Technology,I Need's 3d Hello Kitty Hybrid Silicone Case Cover for HTC One X 4g with 3d Hello Kitty Stylus Pen Green/pink,20.0928,11-2-2014,341.5776
Phones,352.728,CA-2014-155264,10/22/2014,Second Class,RP-19270,Rachel Payne,Corporate,United States,San Francisco,California,West,TEC-PH-10001305,Technology,Panasonic KX TS208W Corded phone,23.5152,19-10-2014,364.4856
Phones,356.346,CA-2015-161263,4/21/2015,Standard Class,TS-21160,Theresa Swint,Corporate,United States,Toledo,Ohio,East,TEC-PH-10002115,Technology,Plantronics 81402,47.5128,16-4-2015,328.6302
Phones,356.346,CA-2016-161907,9/4/2016,Standard Class,JH-16180,Justin Hirsh,Consumer,United States,Philadelphia,Pennsylvania,East,TEC-PH-10000141,Technology,Clearsounds A400,47.5128,4-5-2016,328.6302
Phones,356.768,CA-2014-167850,8/16/2014,Standard Class,AG-10525,Andy Gerbode,Corporate,United States,Saint Petersburg,Florida,South,TEC-PH-10002398,Technology,AT&T 1070 Corded Phone,35.6768,8-9-2014,379.066
Phones,3563.52,CA-2017-152135,3/18/2017,Second Class,MG-17650,Matthew Grinstein,Home Office,United States,Lakewood,Ohio,East,TEC-PH-10003505,Technology,Geemarc AmpliPOWER60,178.176,16-3-2017,3481.856
Phones,357.888,US-2016-125402,1/10/2016,Standard Class,DL-12865,Dan Lawera,Consumer,United States,Long Beach,California,West,TEC-PH-10003356,Technology,"SmartStand Mobile Device Holder, Assorted Colors",8.9472,25-9-2016,362.3616
Phones,359.8,CA-2017-136007,2/3/2017,Standard Class,AC-10615,Ann Chong,Corporate,United States,Seattle,Washington,West,TEC-PH-10003589,Technology,invisibleSHIELD by ZAGG Smudge-Free Screen Protector,14.392,23-2-2017,384.986
Phones,359.8,CA-2017-151225,10/29/2017,First Class,JM-15655,Jim Mitchum,Corporate,United States,Los Angeles,California,West,TEC-PH-10004100,Technology,Griffin GC17055 Auxiliary Audio Cable,14.392,27-10-2017,366.996
Phones,359.8,US-2016-110156,11/24/2016,Standard Class,EH-13945,Eric Hoffmann,Consumer,United States,Houston,Texas,Central,TEC-PH-10003589,Technology,invisibleSHIELD by ZAGG Smudge-Free Screen Protector,14.392,19-11-2016,384.986
Phones,359.88,CA-2014-151162,9/12/2014,Standard Class,EA-14035,Erin Ashbrook,Corporate,United States,Columbus,Ohio,East,TEC-PH-10001809,Technology,Panasonic KX T7736-B Digital phone,71.976,12-5-2014,314.895
Phones,3599.8,CA-2016-146206,9/14/2016,Second Class,KT-16480,Kean Thornton,Consumer,United States,Houston,Texas,Central,TEC-PH-10000895,Technology,Polycom VVX 310 VoIP phone,143.992,9-10-2016,3653.797
Phones,36.192,US-2016-134761,11/30/2016,Same Day,DB-13210,Dean Braden,Consumer,United States,Hickory,North Carolina,South,TEC-PH-10002890,Technology,AT&T 17929 Lendline Telephone,7.2384,30-11-2016,38.9064
Phones,36.738,CA-2014-151162,9/12/2014,Standard Class,EA-14035,Erin Ashbrook,Corporate,United States,Columbus,Ohio,East,TEC-PH-10001870,Technology,Lunatik TT5L-002 Taktik Strike Impact Protection System for iPhone 5,14.6952,12-5-2014,27.5535
Phones,36.792,CA-2016-149111,4/21/2016,Second Class,BF-11170,Ben Ferrer,Home Office,United States,Raleigh,North Carolina,South,TEC-PH-10003092,Technology,Motorola L804,7.3584,17-4-2016,40.9311
Phones,36.792,CA-2017-115805,7/31/2017,Same Day,KW-16435,Katrina Willman,Consumer,United States,Chicago,Illinois,Central,TEC-PH-10003092,Technology,Motorola L804,7.3584,31-7-2017,40.9311
Phones,36.99,CA-2014-102274,11/26/2014,Standard Class,DH-13075,Dave Hallsten,Corporate,United States,Richmond,Kentucky,South,TEC-PH-10002923,Technology,"Logitech B530 USB Headset - headset - Full size, Binaural",0,21-11-2014,46.9773
Phones,3628.512,CA-2014-120838,3/26/2014,Second Class,PO-18865,Patrick O'Donnell,Consumer,United States,Los Angeles,California,West,TEC-PH-10003484,Technology,Ooma Telo VoIP Home Phone System,120.9504,23-3-2014,3666.309
Phones,3628.512,CA-2014-145254,7/27/2014,Standard Class,NC-18535,Nick Crebassa,Corporate,United States,San Francisco,California,West,TEC-PH-10000441,Technology,VTech DS6151,120.9504,23-7-2014,3688.9872
Phones,3637.76,CA-2016-112277,9/15/2016,Standard Class,SC-20695,Steve Chapman,Corporate,United States,Fort Lauderdale,Florida,South,TEC-PH-10003505,Technology,Geemarc AmpliPOWER60,103.936,9-10-2016,3696.224
Phones,3644.55,CA-2014-141796,6/21/2014,Same Day,JG-15160,James Galang,Consumer,United States,Long Beach,New York,East,TEC-PH-10001578,Technology,Polycom SoundStation2 EX Conference phone,0,21-6-2014,3996.8565
Phones,3645.696,CA-2014-115812,6/14/2014,Standard Class,BH-11710,Brosina Hoffman,Consumer,United States,Los Angeles,California,West,TEC-PH-10002033,Technology,Konftel 250 Conference phone - Charcoal black,182.2848,6-9-2014,3714.0528
Phones,367.146,CA-2016-143714,5/27/2016,Standard Class,CC-12370,Christopher Conant,Consumer,United States,Philadelphia,Pennsylvania,East,TEC-PH-10004080,Technology,Avaya 5410 Digital phone,48.9528,23-5-2016,342.6696
Phones,367.146,US-2017-166324,4/21/2017,First Class,BE-11455,Brad Eason,Home Office,United States,Cleveland,Ohio,East,TEC-PH-10004080,Technology,Avaya 5410 Digital phone,48.9528,20-4-2017,342.6696
Phones,37.91,CA-2017-117947,8/23/2017,Second Class,NG-18355,Nat Gilpin,Corporate,United States,New York City,New York,East,TEC-PH-10002538,Technology,Grandstream GXP1160 VoIP phone,0,18-8-2017,48.9039
Phones,3714.912,CA-2015-131856,5/17/2015,Standard Class,JG-15160,James Galang,Consumer,United States,Houston,Texas,Central,TEC-PH-10001336,Technology,Digium D40 VoIP phone,123.8304,5-12-2015,3784.5666
Phones,372.6,CA-2014-115791,1/18/2014,Second Class,DL-13315,Delfina Latchford,Consumer,United States,Philadelphia,Pennsylvania,East,TEC-PH-10004614,Technology,AT&T 841000 Phone,49.68,16-1-2014,341.55
Phones,374.75,CA-2017-104913,11/22/2017,Standard Class,DK-13090,Dave Kipp,Consumer,United States,Long Beach,New York,East,TEC-PH-10000923,Technology,"Belkin SportFit Armband For iPhone 5s/5c, Fuchsia",0,18-11-2017,411.4755
Phones,375.96,US-2014-155502,1/31/2014,Standard Class,SD-20485,Shirley Daniels,Home Office,United States,Alexandria,Virginia,South,TEC-PH-10002103,Technology,Jabra SPEAK 410,0,26-1-2014,428.5944
Phones,3762.808,CA-2015-126557,7/17/2015,Second Class,RL-19615,Rob Lucas,Consumer,United States,Chicago,Illinois,Central,TEC-PH-10000526,Technology,Vtech CS6719,107.5088,7-12-2015,3816.5624
Phones,3762.808,CA-2017-162075,3/24/2017,Standard Class,TT-21220,Thomas Thornton,Consumer,United States,Houston,Texas,Central,TEC-PH-10001557,Technology,Pyle PMP37LED,107.5088,18-3-2017,3809.8431
Phones,377.928,CA-2015-140144,6/25/2015,Second Class,SC-20770,Stewart Carmichael,Corporate,United States,San Francisco,California,West,TEC-PH-10002726,Technology,netTALK DUO VoIP Telephone Service,25.1952,20-6-2015,425.169
Phones,3779.91,CA-2017-111556,11/22/2017,First Class,CD-11920,Carlos Daly,Consumer,United States,New York City,New York,East,TEC-PH-10001459,Technology,Samsung Galaxy Mega 6.3,0,20-11-2017,4107.5022
Phones,379.68,CA-2015-122210,4/12/2015,Standard Class,WB-21850,William Brown,Consumer,United States,Philadelphia,Pennsylvania,East,TEC-PH-10002807,Technology,Motorla HX550 Universal Bluetooth Headset,37.968,30-11-2015,395.5
Phones,38.272,CA-2016-112382,5/13/2016,Standard Class,MB-18085,Mick Brown,Consumer,United States,Houston,Texas,Central,TEC-PH-10001552,Technology,I Need's 3d Hello Kitty Hybrid Silicone Case Cover for HTC One X 4g with 3d Hello Kitty Stylus Pen Green/pink,3.8272,5-9-2016,40.1856
Phones,383.36,CA-2015-104052,2/3/2015,First Class,TP-21565,Tracy Poddar,Corporate,United States,Coppell,Texas,Central,TEC-PH-10003215,Technology,Jackery Bar Premium Fast-charging Portable Charger,19.168,3-1-2015,418.102
Phones,383.36,CA-2017-107748,12/12/2017,Second Class,AG-10330,Alex Grayson,Consumer,United States,Stockton,California,West,TEC-PH-10003215,Technology,Jackery Bar Premium Fast-charging Portable Charger,19.168,12-10-2017,418.102
Phones,383.36,CA-2017-130764,10/28/2017,First Class,JO-15145,Jack O'Briant,Corporate,United States,San Francisco,California,West,TEC-PH-10003215,Technology,Jackery Bar Premium Fast-charging Portable Charger,19.168,27-10-2017,418.102
Phones,383.872,CA-2014-131527,7/12/2014,Standard Class,TB-21280,Toby Braunhardt,Consumer,United States,Jacksonville,North Carolina,South,TEC-PH-10001644,Technology,"BlueLounge Milo Smartphone Stand, White/Metallic",19.1936,12-1-2014,393.4688
Phones,383.96,CA-2016-160220,10/26/2016,Standard Class,JS-16030,Joy Smith,Consumer,United States,Trenton,Michigan,Central,TEC-PH-10001557,Technology,Pyle PMP37LED,0,20-10-2016,435.7946
Phones,383.96,CA-2017-129462,6/21/2017,Second Class,JE-15745,Joel Eaton,Consumer,United States,Florence,Kentucky,South,TEC-PH-10001557,Technology,Pyle PMP37LED,0,16-6-2017,435.7946
Phones,3849.75,CA-2015-105627,12/3/2015,Standard Class,DK-12895,Dana Kaydos,Consumer,United States,Kenosha,Wisconsin,Central,TEC-PH-10003012,Technology,Nortel Meridian M3904 Professional Digital phone,0,3-8-2015,4073.0355
Phones,386.55,CA-2015-103177,1/6/2015,First Class,EN-13780,Edward Nazzal,Consumer,United States,New York City,New York,East,TEC-PH-10001527,Technology,Plantronics MX500i Earset,0,30-5-2015,390.4155
Phones,386.55,CA-2015-122406,5/8/2015,Second Class,BE-11455,Brad Eason,Home Office,United States,Providence,Rhode Island,East,TEC-PH-10001527,Technology,Plantronics MX500i Earset,0,8-2-2015,390.4155
Phones,386.55,CA-2017-129581,12/18/2017,Standard Class,KN-16390,Katherine Nockton,Corporate,United States,New Bedford,Massachusetts,East,TEC-PH-10001527,Technology,Plantronics MX500i Earset,0,12-11-2017,390.4155
Phones,3884.25,US-2017-141558,3/16/2017,Standard Class,MH-17290,Marc Harrigan,Home Office,United States,Philadelphia,Pennsylvania,East,TEC-PH-10002555,Technology,Nortel Meridian M5316 Digital phone,310.74,3-11-2017,3702.985
Phones,3887.424,US-2015-159982,4/12/2015,Standard Class,DR-12880,Dan Reichenbach,Corporate,United States,Chicago,Illinois,Central,TEC-PH-10001580,Technology,Logitech Mobile Speakerphone P710e - speaker phone,129.5808,28-11-2015,3944.1156
Phones,39.594,CA-2017-136364,7/17/2017,Second Class,MH-17455,Mark Hamilton,Consumer,United States,Philadelphia,Pennsylvania,East,TEC-PH-10003885,Technology,Cisco SPA508G,15.8376,13-7-2017,32.3351
Phones,39.6,CA-2017-138779,1/15/2017,First Class,RB-19570,Rob Beeghly,Consumer,United States,Jacksonville,North Carolina,South,TEC-PH-10003655,Technology,Sannysis Cute Owl Design Soft Skin Case Cover for Samsung Galaxy S4,1.584,14-1-2017,40.293
Phones,39.96,CA-2014-118304,4/5/2014,Standard Class,KH-16360,Katherine Hughes,Consumer,United States,Dover,Delaware,East,TEC-PH-10000376,Technology,Square Credit Card Reader,0,29-4-2014,45.1548
Phones,39.99,CA-2016-153353,8/24/2016,Standard Class,GG-14650,Greg Guthrie,Corporate,United States,New York City,New York,East,TEC-PH-10000439,Technology,GE DSL Phone Line Filter,0,18-8-2016,51.5871
Phones,39.99,CA-2017-121888,9/17/2017,Second Class,CL-11890,Carl Ludwig,Consumer,United States,Everett,Massachusetts,East,TEC-PH-10000439,Technology,GE DSL Phone Line Filter,0,15-9-2017,51.5871
Phones,39.992,CA-2017-102379,6/12/2017,Standard Class,BB-11545,Brenda Bowman,Corporate,United States,Oakland,California,West,TEC-PH-10001448,Technology,Anker Astro 15000mAh USB Portable Charger,7.9984,12-2-2017,31.9936
Phones,391.608,CA-2015-155068,10/23/2015,Same Day,RA-19285,Ralph Arnett,Consumer,United States,Lakeland,Florida,South,TEC-PH-10004897,Technology,Mediabridge Sport Armband iPhone 5s,11.1888,23-10-2015,378.3213
Phones,3918.04,CA-2015-135489,9/22/2015,Second Class,GW-14605,Giulietta Weimer,Consumer,United States,New York City,New York,East,TEC-PH-10000011,Technology,PureGear Roll-On Screen Protector,0,19-9-2015,4052.3728
Phones,3919.8,CA-2015-155306,4/21/2015,Standard Class,GA-14515,George Ashbrook,Consumer,United States,San Francisco,California,West,TEC-PH-10002310,Technology,Plantronics Calisto P620-M USB Wireless Speakerphone System,156.792,17-4-2015,3988.3965
Phones,3919.8,CA-2016-153318,10/28/2016,First Class,JS-15595,Jill Stevenson,Corporate,United States,Miami,Florida,South,TEC-PH-10000984,Technology,Panasonic KX-TG9471B,156.792,25-10-2016,3998.196
Phones,3945.024,CA-2017-105410,3/22/2017,First Class,ND-18370,Natalie DeCherney,Consumer,United States,San Francisco,California,West,TEC-PH-10000038,Technology,Jawbone MINI JAMBOX Wireless Bluetooth Speaker,131.5008,19-3-2017,3813.5232
Phones,3945.312,CA-2016-132731,11/28/2016,Standard Class,GA-14515,George Ashbrook,Consumer,United States,Dallas,Texas,Central,TEC-PH-10004120,Technology,AT&T 1080 Phone,131.5104,24-11-2016,3994.6284
Phones,395.64,CA-2016-132829,12/26/2016,Second Class,LA-16780,Laura Armstrong,Corporate,United States,Houston,Texas,Central,TEC-PH-10004912,Technology,Cisco SPA112 2 Port Phone Adapter,26.376,23-12-2016,410.4765
Phones,3968.19,CA-2016-101987,6/30/2016,Standard Class,HL-15040,Hunter Lopez,Consumer,United States,Richmond,Indiana,Central,TEC-PH-10001305,Technology,Panasonic KX TS208W Corded phone,0,24-6-2016,4091.6448
Phones,399.8,CA-2015-137106,4/4/2015,Standard Class,SC-20260,Scott Cohen,Corporate,United States,Jacksonville,Florida,South,TEC-PH-10000011,Technology,PureGear Roll-On Screen Protector,15.992,31-3-2015,427.786
Phones,399.8,CA-2016-108210,5/31/2016,Same Day,AT-10735,Annie Thurman,Consumer,United States,Houston,Texas,Central,TEC-PH-10002293,Technology,Anker 36W 4-Port USB Wall Charger Travel Power Adapter for iPhone 5s 5c 5,15.992,30-5-2016,407.796
Phones,399.8,US-2017-142188,11/9/2017,Same Day,JF-15415,Jennifer Ferguson,Consumer,United States,Seattle,Washington,West,TEC-PH-10000127,Technology,iOttie XL Car Mount,15.992,9-11-2017,381.809
Phones,399.96,CA-2015-159534,3/23/2015,First Class,DH-13075,Dave Hallsten,Corporate,United States,New York City,New York,East,TEC-PH-10002310,Technology,Panasonic KX T7731-B Digital phone,0,20-3-2015,453.9546
Phones,4.95,CA-2015-130995,6/11/2015,Standard Class,QJ-19255,Quincy Jones,Corporate,United States,New York City,New York,East,TEC-PH-10000347,Technology,Cush Cases Heavy Duty Rugged Cover Case for Samsung Galaxy S5 - Purple,0,11-1-2015,6.2865
Phones,403.168,CA-2014-156349,5/30/2014,Standard Class,ML-17395,Marina Lichtenstein,Corporate,United States,Los Angeles,California,West,TEC-PH-10000441,Technology,VTech DS6151,40.3168,26-5-2014,423.3264
Phones,403.168,CA-2014-166863,6/24/2014,Standard Class,SC-20020,Sam Craven,Consumer,United States,Plano,Texas,Central,TEC-PH-10000369,Technology,HTC One Mini,40.3168,20-6-2014,423.3264
Phones,403.168,CA-2016-161928,6/29/2016,Second Class,AC-10660,Anna Chung,Consumer,United States,San Francisco,California,West,TEC-PH-10003484,Technology,Ooma Telo VoIP Home Phone System,40.3168,27-6-2016,415.767
Phones,403.168,CA-2017-123001,8/9/2017,Standard Class,AW-10840,Anthony Witt,Consumer,United States,Bakersfield,California,West,TEC-PH-10003484,Technology,Ooma Telo VoIP Home Phone System,40.3168,9-2-2017,415.767
Phones,403.168,US-2015-122910,5/16/2015,Standard Class,LT-16765,Larry Tron,Consumer,United States,Louisville,Colorado,West,TEC-PH-10000441,Technology,VTech DS6151,40.3168,5-12-2015,423.3264
Phones,403.168,US-2017-155425,11/11/2017,First Class,AB-10600,Ann Blume,Corporate,United States,Tucson,Arizona,West,TEC-PH-10002563,Technology,Adtran 1202752G1,40.3168,11-10-2017,418.2868
Phones,404.55,CA-2016-167759,8/3/2016,Second Class,CC-12670,Craig Carreira,Consumer,United States,Bloomington,Indiana,Central,TEC-PH-10003171,Technology,Plantronics Encore H101 Dual Earpieces Headset,0,3-3-2016,442.308
Phones,404.91,CA-2015-154326,2/19/2015,Standard Class,RP-19855,Roy Phan,Corporate,United States,Kenosha,Wisconsin,Central,TEC-PH-10001819,Technology,Innergie mMini Combo Duo USB Travel Charging Kit,0,15-2-2015,469.6956
Phones,406.368,CA-2016-158834,3/16/2016,First Class,TW-21025,Tamara Willingham,Home Office,United States,Scottsdale,Arizona,West,TEC-PH-10001254,Technology,Jabra BIZ 2300 Duo QD Duo Corded Headset,40.6368,13-3-2016,421.6068
Phones,407.16,CA-2015-134747,10/17/2015,Second Class,DL-12925,Daniel Lacy,Consumer,United States,Noblesville,Indiana,Central,TEC-PH-10002890,Technology,AT&T 17929 Lendline Telephone,0,10-12-2015,442.4472
Phones,41.22,CA-2017-144848,5/4/2017,First Class,DS-13030,Darrin Sayre,Home Office,United States,New York City,New York,East,TEC-PH-10004006,Technology,Panasonic KX - TS880B Telephone,0,4-4-2017,52.3494
Phones,41.568,US-2016-139087,7/22/2016,Second Class,DK-13375,Dennis Kane,Consumer,United States,Seattle,Washington,West,TEC-PH-10000148,Technology,Cyber Acoustics AC-202b Speech Recognition Stereo Headset,4.1568,17-7-2016,36.8916
Phones,4119.8,CA-2016-152471,8/7/2016,Same Day,ZD-21925,Zuschuss Donatelli,Consumer,United States,Jacksonville,Florida,South,TEC-PH-10002824,Technology,Jabra SPEAK 410 Multidevice Speakerphone,164.792,7-8-2016,4171.2975
Phones,4119.8,US-2017-105389,10/28/2017,Second Class,DM-13015,Darrin Martin,Consumer,United States,San Antonio,Texas,Central,TEC-PH-10002824,Technology,Jabra SPEAK 410 Multidevice Speakerphone,164.792,23-10-2017,4171.2975
Phones,412.768,CA-2017-167640,10/3/2017,Standard Class,FC-14245,Frank Carlisle,Home Office,United States,San Francisco,California,West,TEC-PH-10001336,Technology,Digium D40 VoIP phone,41.2768,3-6-2017,435.9862
Phones,4124.75,CA-2017-151981,12/8/2017,Standard Class,GM-14455,Gary Mitchum,Home Office,United States,Concord,New Hampshire,East,TEC-PH-10003601,Technology,"Ativa D5772 2-Line 5.8GHz Digital Expandable Corded/Cordless Phone System with Answering & Caller ID/Call Waiting, Black/Silver",0,8-6-2017,4372.235
Phones,413.82,CA-2016-142594,6/12/2016,Second Class,EJ-14155,Eva Jacobs,Consumer,United States,Franklin,Massachusetts,East,TEC-PH-10000193,Technology,Jensen SMPS-640 - speaker phone,0,12-1-2016,449.6844
Phones,413.82,US-2017-104437,1/31/2017,Standard Class,TG-21310,Toby Gnade,Consumer,United States,New York City,New York,East,TEC-PH-10000193,Technology,Jensen SMPS-640 - speaker phone,0,27-1-2017,449.6844
Phones,42.95,CA-2015-113145,5/11/2015,Standard Class,VD-21670,Valerie Dominguez,Consumer,United States,New York City,New York,East,TEC-PH-10001527,Technology,Plantronics MX500i Earset,0,11-1-2015,44.2385
Phones,421.128,CA-2015-141012,11/6/2015,Second Class,TG-21640,Trudy Glocke,Consumer,United States,Pocatello,Idaho,West,TEC-PH-10004522,Technology,Dexim XPower Skin Super-Thin Power Case for iPhone 5 - Black,28.0752,6-9-2015,429.9015
Phones,4228.95,CA-2016-114489,9/12/2016,Standard Class,JE-16165,Justin Ellison,Corporate,United States,Franklin,Wisconsin,Central,TEC-PH-10000215,Technology,Plantronics Cordless Phone Headset with In-line Volume - M214C,0,12-5-2016,4332.7515
Phones,424.75,CA-2017-102771,5/4/2017,Standard Class,DO-13435,Denny Ordway,Consumer,United States,New York City,New York,East,TEC-PH-10001536,Technology,Spigen Samsung Galaxy S5 Case Wallet,0,31-3-2017,446.837
Phones,43.6,CA-2016-159212,5/11/2016,Standard Class,KM-16375,Katherine Murray,Home Office,United States,Salem,Virginia,South,TEC-PH-10003988,Technology,"LF Elite 3D Dazzle Designer Hard Case Cover, Lf Stylus Pen and Wiper For Apple Iphone 5c Mini Lite",0,11-1-2016,49.704
Phones,43.6,CA-2016-169194,6/25/2016,Standard Class,LH-16900,Lena Hernandez,Consumer,United States,Dover,Delaware,East,TEC-PH-10003988,Technology,"LF Elite 3D Dazzle Designer Hard Case Cover, Lf Stylus Pen and Wiper For Apple Iphone 5c Mini Lite",0,20-6-2016,49.704
Phones,430.56,CA-2015-102281,10/14/2015,First Class,MP-17470,Mark Packer,Home Office,United States,New York City,New York,East,TEC-PH-10001552,Technology,I Need's 3d Hello Kitty Hybrid Silicone Case Cover for HTC One X 4g with 3d Hello Kitty Stylus Pen Green/pink,0,10-12-2015,450.6528
Phones,431.712,CA-2017-136623,7/16/2017,Standard Class,TS-21430,Tom Stivers,Corporate,United States,San Diego,California,West,TEC-PH-10000004,Technology,Belkin iPhone and iPad Lightning Cable,14.3904,7-11-2017,437.1084
Phones,431.928,CA-2014-139892,12/9/2014,Standard Class,BM-11140,Becky Martin,Consumer,United States,San Antonio,Texas,Central,TEC-PH-10003931,Technology,JBL Micro Wireless Portable Bluetooth Speaker,28.7952,9-8-2014,440.9265
Phones,431.928,CA-2015-139164,6/28/2015,Standard Class,CS-12355,Christine Sundaresam,Consumer,United States,Long Beach,California,West,TEC-PH-10003931,Technology,JBL Micro Wireless Portable Bluetooth Speaker,28.7952,23-6-2015,440.9265
Phones,431.936,CA-2017-105809,2/23/2017,First Class,HW-14935,Helen Wasserman,Corporate,United States,San Diego,California,West,TEC-PH-10001580,Technology,Logitech Mobile Speakerphone P710e - speaker phone,43.1936,20-2-2017,450.8332
Phones,431.946,US-2016-100720,7/21/2016,Standard Class,CK-12205,Chloris Kastensmidt,Consumer,United States,Philadelphia,Pennsylvania,East,TEC-PH-10001425,Technology,Mophie Juice Pack Helium for iPhone,57.5928,16-7-2016,403.1496
Phones,4319.712,CA-2014-103492,10/15/2014,Standard Class,CM-12715,Craig Molinari,Corporate,United States,Huntsville,Texas,Central,TEC-PH-10001128,Technology,Motorola Droid Maxx,143.9904,10-10-2014,4391.7072
Phones,434.304,CA-2016-111976,12/3/2016,Standard Class,BD-11620,Brian DeCherney,Consumer,United States,Philadelphia,Pennsylvania,East,TEC-PH-10002890,Technology,AT&T 17929 Lendline Telephone,43.4304,3-8-2016,408.9696
Phones,435.168,CA-2014-104738,1/1/2015,Second Class,SP-20620,Stefania Perrino,Corporate,United States,Laredo,Texas,Central,TEC-PH-10002468,Technology,"Plantronics CS 50-USB - headset - Convertible, Monaural",43.5168,30-12-2014,454.2066
Phones,435.168,CA-2015-139164,6/28/2015,Standard Class,CS-12355,Christine Sundaresam,Consumer,United States,Long Beach,California,West,TEC-PH-10002468,Technology,"Plantronics CS 50-USB - headset - Convertible, Monaural",43.5168,23-6-2015,454.2066
Phones,4351.36,CA-2017-108791,7/31/2017,Standard Class,TM-21490,Tony Molinari,Consumer,United States,Yonkers,New York,East,TEC-PH-10002660,Technology,Nortel Networks T7316 E Nt8 B27,0,27-7-2017,4487.34
Phones,4351.36,CA-2017-133256,6/27/2017,First Class,TH-21550,Tracy Hopkins,Home Office,United States,Detroit,Michigan,Central,TEC-PH-10002660,Technology,Nortel Networks T7316 E Nt8 B27,0,26-6-2017,4487.34
Phones,4364.672,CA-2014-166471,8/13/2014,Standard Class,MG-17650,Matthew Grinstein,Home Office,United States,Seattle,Washington,West,TEC-PH-10001530,Technology,Cisco Unified IP Phone 7945G VoIP phone,218.2336,8-9-2014,4432.87
Phones,4364.672,CA-2016-126732,6/9/2016,Standard Class,LR-16915,Lena Radford,Consumer,United States,Los Angeles,California,West,TEC-PH-10001530,Technology,Cisco Unified IP Phone 7945G VoIP phone,218.2336,9-2-2016,4432.87
Phones,438.336,CA-2014-166471,8/13/2014,Standard Class,MG-17650,Matthew Grinstein,Home Office,United States,Seattle,Washington,West,TEC-PH-10000038,Technology,Jawbone MINI JAMBOX Wireless Bluetooth Speaker,43.8336,8-9-2014,394.5024
Phones,438.368,CA-2015-143490,12/13/2015,Standard Class,NP-18325,Naresj Patel,Consumer,United States,San Diego,California,West,TEC-PH-10000576,Technology,AT&T 1080 Corded phone,43.8368,12-6-2015,457.5466
Phones,438.368,CA-2017-165904,11/4/2017,Standard Class,HR-14770,Hallie Redmond,Home Office,United States,Jacksonville,Florida,South,TEC-PH-10000576,Technology,AT&T 1080 Corded phone,43.8368,4-7-2017,457.5466
Phones,439,US-2015-142811,7/4/2015,Standard Class,JL-15850,John Lucas,Consumer,United States,Mesa,Arizona,West,TEC-PH-10003095,Technology,Samsung HM1900 Bluetooth Headset,17.56,4-2-2015,471.925
Phones,439.8,US-2015-131359,2/11/2015,Second Class,FA-14230,Frank Atkinson,Corporate,United States,Denver,Colorado,West,TEC-PH-10004531,Technology,OtterBox Commuter Series Case - iPhone 5 & 5s,17.592,30-10-2015,470.586
Phones,4399.84,CA-2015-154956,9/7/2015,Standard Class,IM-15070,Irene Maddox,Consumer,United States,Milwaukee,Wisconsin,Central,TEC-PH-10004165,Technology,Mitel MiVoice 5330e IP Phone,0,7-4-2015,4685.8296
Phones,44.55,CA-2017-164826,4/1/2018,Standard Class,JF-15415,Jennifer Ferguson,Consumer,United States,New York City,New York,East,TEC-PH-10000347,Technology,Cush Cases Heavy Duty Rugged Cover Case for Samsung Galaxy S5 - Purple,0,28-12-2017,48.5595
Phones,44.95,CA-2014-143840,5/29/2014,Standard Class,EH-14185,Evan Henry,Consumer,United States,Decatur,Alabama,South,TEC-PH-10003171,Technology,Plantronics Encore H101 Dual Earpieces Headset,0,22-5-2014,57.536
Phones,440.706,CA-2017-144862,5/12/2017,Standard Class,EH-14005,Erica Hernandez,Home Office,United States,Philadelphia,Pennsylvania,East,TEC-PH-10000923,Technology,"Belkin SportFit Armband For iPhone 5s/5c, Fuchsia",25.1832,12-1-2017,450.1497
Phones,440.856,CA-2016-151148,9/13/2016,Same Day,PO-19180,Philisse Overcash,Home Office,United States,Louisville,Colorado,West,TEC-PH-10001870,Technology,Lunatik TT5L-002 Taktik Strike Impact Protection System for iPhone 5,29.3904,9-12-2016,450.0405
Phones,4409.706,CA-2017-119193,12/24/2017,First Class,SK-19990,Sally Knutson,Consumer,United States,Toledo,Ohio,East,TEC-PH-10003072,Technology,Panasonic KX-TG9541B DECT 6.0 Digital 2-Line Expandable Cordless Phone With Digital Answering System,251.9832,22-12-2017,4504.1997
Phones,441.504,CA-2016-148208,1/27/2016,Standard Class,BT-11530,Bradley Talbott,Home Office,United States,Cleveland,Ohio,East,TEC-PH-10004093,Technology,Panasonic Kx-TS550,44.1504,22-1-2016,421.2684
Phones,443.96,CA-2016-140935,12/11/2016,First Class,AB-10015,Aaron Bergman,Consumer,United States,Oklahoma City,Oklahoma,Central,TEC-PH-10000562,Technology,Samsung Convoy 3,0,11-10-2016,506.1144
Phones,444.768,CA-2015-145835,5/18/2015,Second Class,BF-11170,Ben Ferrer,Home Office,United States,Chicago,Illinois,Central,TEC-PH-10004447,Technology,Toshiba IPT2010-SD IP Telephone,44.4768,13-5-2015,461.4468
Phones,444.768,CA-2016-154081,5/29/2016,Standard Class,JE-15610,Jim Epp,Corporate,United States,Los Angeles,California,West,TEC-PH-10001918,Technology,Nortel Business Series Terminal T7208 Digital phone,44.4768,22-5-2016,467.0064
Phones,444.768,CA-2017-119746,11/27/2017,Standard Class,CM-12385,Christopher Martinez,Consumer,United States,Chicago,Illinois,Central,TEC-PH-10004447,Technology,Toshiba IPT2010-SD IP Telephone,44.4768,23-11-2017,461.4468
Phones,444.768,CA-2017-148404,11/10/2017,Standard Class,Dp-13240,Dean percer,Home Office,United States,Charlotte,North Carolina,South,TEC-PH-10004447,Technology,Toshiba IPT2010-SD IP Telephone,44.4768,10-7-2017,461.4468
Phones,4463.928,US-2015-163279,3/26/2015,Standard Class,JD-16150,Justin Deggeller,Corporate,United States,San Diego,California,West,TEC-PH-10001795,Technology,ClearOne CHATAttach 160 - speaker phone,297.5952,22-3-2015,4649.925
Phones,449.75,CA-2016-137939,7/23/2016,Second Class,PJ-19015,Pauline Johnson,Consumer,United States,Long Beach,New York,East,TEC-PH-10003589,Technology,invisibleSHIELD by ZAGG Smudge-Free Screen Protector,0,20-7-2016,492.926
Phones,449.75,CA-2017-141103,6/8/2017,Standard Class,JF-15355,Jay Fein,Consumer,United States,Baltimore,Maryland,East,TEC-PH-10003589,Technology,invisibleSHIELD by ZAGG Smudge-Free Screen Protector,0,30-7-2017,492.926
Phones,449.91,CA-2016-114489,9/12/2016,Standard Class,JE-16165,Justin Ellison,Corporate,United States,Franklin,Wisconsin,Central,TEC-PH-10001448,Technology,Anker Astro 15000mAh USB Portable Charger,0,12-5-2016,455.9088
Phones,449.91,CA-2016-159142,5/4/2016,First Class,ME-17320,Maria Etezadi,Home Office,United States,Springfield,Virginia,South,TEC-PH-10001448,Technology,Anker Astro 15000mAh USB Portable Charger,0,4-4-2016,455.9088
Phones,45.894,CA-2015-120341,9/29/2015,Second Class,SF-20200,Sarah Foster,Consumer,United States,Philadelphia,Pennsylvania,East,TEC-PH-10003357,Technology,Grandstream GXP2100 Mainstream Business Phone,18.3576,26-9-2015,36.7152
Phones,45.99,CA-2015-135020,2/6/2015,Standard Class,MS-17770,Maxwell Schwartz,Consumer,United States,Rochester,New York,East,TEC-PH-10004093,Technology,Panasonic Kx-TS550,0,28-5-2015,59.3271
Phones,4550.112,CA-2014-138940,4/16/2014,Second Class,GM-14455,Gary Mitchum,Home Office,United States,Austin,Texas,Central,TEC-PH-10001835,Technology,Jawbone JAMBOX Wireless Bluetooth Speaker,151.6704,4-11-2014,4815.5352
Phones,4582.4,CA-2017-130841,1/8/2017,Standard Class,MH-17620,Matt Hagelstein,Corporate,United States,San Francisco,California,West,TEC-PH-10001817,Technology,Wilson Electronics DB Pro Signal Booster,229.12,28-7-2017,4682.64
Phones,459.8,US-2016-126452,8/28/2016,Standard Class,SC-20230,Scot Coram,Corporate,United States,Los Angeles,California,West,TEC-PH-10003555,Technology,Motorola HK250 Universal Bluetooth Headset,18.392,21-8-2016,439.109
Phones,4605.51,CA-2016-139395,12/18/2016,Standard Class,MG-17650,Matthew Grinstein,Home Office,United States,Jackson,Michigan,Central,TEC-PH-10002103,Technology,Jabra SPEAK 410,0,12-12-2016,4789.7304
Phones,463.96,CA-2016-160304,7/1/2016,Standard Class,BM-11575,Brendan Murry,Corporate,United States,Gaithersburg,Maryland,East,TEC-PH-10000455,Technology,GE 30522EE2,0,1-2-2016,531.2342
Phones,4643.64,CA-2015-165050,9/12/2015,First Class,AH-10210,Alan Hwang,Consumer,United States,New York City,New York,East,TEC-PH-10001336,Technology,Digium D40 VoIP phone,0,12-7-2015,4868.0826
Phones,4654.368,CA-2015-149846,5/26/2015,Standard Class,SB-20185,Sarah Brown,Consumer,United States,Los Angeles,California,West,TEC-PH-10003645,Technology,Aastra 57i VoIP phone,155.1456,22-5-2015,4712.5476
Phones,4664.408,CA-2014-125829,11/11/2014,Standard Class,WB-21850,William Brown,Consumer,United States,Los Angeles,California,West,TEC-PH-10001079,Technology,Polycom SoundPoint Pro SE-225 Corded phone,133.2688,11-4-2014,4731.0424
Phones,467.928,CA-2014-148915,5/11/2014,Standard Class,ND-18370,Natalie DeCherney,Consumer,United States,Portland,Oregon,West,TEC-PH-10000673,Technology,Plantronics Voyager Pro HD - Bluetooth Headset,31.1952,11-1-2014,522.5196
Phones,468.832,CA-2016-139934,12/20/2016,First Class,AY-10555,Andy Yotov,Corporate,United States,San Francisco,California,West,TEC-PH-10001552,Technology,I Need's 3d Hello Kitty Hybrid Silicone Case Cover for HTC One X 4g with 3d Hello Kitty Stylus Pen Green/pink,13.3952,18-12-2016,475.5296
Phones,469.99,CA-2017-166184,3/27/2017,First Class,HR-14830,Harold Ryan,Corporate,United States,New York City,New York,East,TEC-PH-10002624,Technology,Samsung Galaxy S4 Mini,0,24-3-2017,606.2871
Phones,47.84,CA-2015-153108,9/3/2015,Standard Class,SF-20200,Sarah Foster,Consumer,United States,New Castle,Indiana,Central,TEC-PH-10001552,Technology,I Need's 3d Hello Kitty Hybrid Silicone Case Cover for HTC One X 4g with 3d Hello Kitty Stylus Pen Green/pink,0,3-5-2015,54.5376
Phones,47.976,CA-2014-164182,7/18/2014,Standard Class,ST-20530,Shui Tom,Consumer,United States,Philadelphia,Pennsylvania,East,TEC-PH-10002583,Technology,iOttie HLCRIO102 Car Mount,9.5952,14-7-2014,33.983
Phones,47.976,CA-2016-155481,5/9/2016,Standard Class,DK-13225,Dean Katz,Corporate,United States,Philadelphia,Pennsylvania,East,TEC-PH-10002293,Technology,Anker 36W 4-Port USB Wall Charger Travel Power Adapter for iPhone 5s 5c 5,9.5952,9-1-2016,43.1784
Phones,47.976,US-2016-106677,10/11/2016,Standard Class,AS-10285,Alejandro Savely,Corporate,United States,Philadelphia,Pennsylvania,East,TEC-PH-10003187,Technology,Anker Astro Mini 3000mAh Ultra-Compact Portable Charger,9.5952,11-5-2016,31.984
Phones,470.376,CA-2015-128608,1/17/2015,Standard Class,CS-12490,Cindy Schnelling,Corporate,United States,Toledo,Ohio,East,TEC-PH-10004977,Technology,GE 30524EE4,94.0752,1-12-2015,427.2582
Phones,4703.51,US-2017-159205,2/4/2017,Second Class,DB-12910,Daniel Byrd,Home Office,United States,Henderson,Kentucky,South,TEC-PH-10000526,Technology,Vtech CS6719,0,31-3-2017,4891.6504
Phones,475.128,CA-2015-116687,7/5/2015,Standard Class,NC-18625,Noah Childs,Corporate,United States,Houston,Texas,Central,TEC-PH-10001750,Technology,Samsung Rugby III,31.6752,5-2-2015,488.9859
Phones,475.128,CA-2017-144456,9/9/2017,First Class,FC-14245,Frank Carlisle,Home Office,United States,Hialeah,Florida,South,TEC-PH-10001750,Technology,Samsung Rugby III,31.6752,9-8-2017,488.9859
Phones,475.128,US-2015-110261,12/23/2015,Second Class,PR-18880,Patrick Ryan,Consumer,United States,Glenview,Illinois,Central,TEC-PH-10001750,Technology,Samsung Rugby III,31.6752,19-12-2015,488.9859
Phones,4751.784,CA-2015-102876,9/14/2015,Standard Class,LR-17035,Lisa Ryan,Corporate,United States,Philadelphia,Pennsylvania,East,TEC-PH-10002680,Technology,Samsung Galaxy Note 3,316.7856,9-7-2015,4619.79
Phones,476.28,CA-2016-103730,6/15/2016,First Class,SC-20725,Steven Cartwright,Consumer,United States,Wilmington,Delaware,East,TEC-PH-10003875,Technology,KLD Oscar II Style Snap-on Ultra Thin Side Flip Synthetic Leather Cover Case for HTC One HTC M7,0,6-12-2016,496.0116
Phones,479.8,CA-2015-151589,12/30/2015,First Class,RE-19450,Richard Eichhorn,Consumer,United States,Eau Claire,Wisconsin,Central,TEC-PH-10004345,Technology,Cisco SPA 502G IP Phone,0,27-12-2015,551.77
Phones,479.84,US-2017-121251,3/27/2017,First Class,GM-14440,Gary McGarr,Consumer,United States,New York City,New York,East,TEC-PH-10004896,Technology,Nokia Lumia 521 (T-Mobile),0,26-3-2017,513.4288
Phones,479.968,CA-2014-153969,9/25/2014,Standard Class,HF-14995,Herbert Flentye,Consumer,United States,San Francisco,California,West,TEC-PH-10001299,Technology,Polycom CX300 Desktop Phone USB VoIP phone,47.9968,21-9-2014,503.9664
Phones,479.968,CA-2016-110086,9/22/2016,Standard Class,BD-11320,Bill Donatelli,Consumer,United States,Woodland,California,West,TEC-PH-10001299,Technology,Polycom CX300 Desktop Phone USB VoIP phone,47.9968,18-9-2016,503.9664
Phones,4799.2,CA-2017-137596,7/9/2017,Standard Class,BE-11335,Bill Eplett,Home Office,United States,Jackson,Michigan,Central,TEC-PH-10001494,Technology,Polycom CX600 IP Phone VoIP phone,0,9-2-2017,5123.146
Phones,4812.288,CA-2014-158372,11/16/2014,Standard Class,RD-19900,Ruben Dartt,Consumer,United States,San Diego,California,West,TEC-PH-10002103,Technology,Jabra SPEAK 410,120.3072,11-10-2014,4872.4416
Phones,482.328,CA-2017-161809,1/26/2017,Standard Class,TH-21100,Thea Hendricks,Consumer,United States,Los Angeles,California,West,TEC-PH-10004922,Technology,RCA Visys Integrated PBX 8-Line Router,32.1552,20-1-2017,492.3765
Phones,489.51,CA-2016-164938,2/13/2016,First Class,PB-19210,Phillip Breyer,Corporate,United States,Tulsa,Oklahoma,Central,TEC-PH-10004897,Technology,Mediabridge Sport Armband iPhone 5s,0,2-11-2016,490.2093
Phones,489.51,CA-2017-159352,3/17/2017,Standard Class,KB-16585,Ken Black,Corporate,United States,Lowell,Massachusetts,East,TEC-PH-10004700,Technology,PowerGen Dual USB Car Charger,0,3-12-2017,521.6778
Phones,4899.51,US-2014-147627,1/26/2014,Standard Class,HL-15040,Hunter Lopez,Consumer,United States,Jonesboro,Arkansas,South,TEC-PH-10001061,Technology,Apple iPhone 5C,0,20-1-2014,5081.4918
Phones,4899.75,CA-2015-131338,12/8/2015,First Class,NP-18325,Naresj Patel,Consumer,United States,New York City,New York,East,TEC-PH-10000984,Technology,Panasonic KX-TG9471B,0,8-9-2015,5174.136
Phones,4899.75,CA-2016-168753,1/6/2016,Second Class,RL-19615,Rob Lucas,Consumer,United States,Montgomery,Alabama,South,TEC-PH-10000984,Technology,Panasonic KX-TG9471B,0,29-5-2016,5174.136
Phones,4899.75,CA-2017-100097,11/29/2017,Second Class,MN-17935,Michael Nguyen,Consumer,United States,New York City,New York,East,TEC-PH-10002310,Technology,Plantronics Calisto P620-M USB Wireless Speakerphone System,0,26-11-2017,5164.3365
Phones,4899.75,CA-2017-167395,4/12/2017,First Class,KM-16720,Kunst Miller,Consumer,United States,Lowell,Massachusetts,East,TEC-PH-10004977,Technology,GE 30524EE4,0,12-2-2017,5183.9355
Phones,492.768,US-2014-135972,9/23/2014,Second Class,JG-15115,Jack Garza,Consumer,United States,Des Moines,Washington,West,TEC-PH-10003012,Technology,Nortel Meridian M3904 Professional Digital phone,49.2768,21-9-2014,520.4862
Phones,4931.64,US-2015-164308,9/27/2015,First Class,SC-20680,Steve Carroll,Home Office,United States,Broken Arrow,Oklahoma,Central,TEC-PH-10004120,Technology,AT&T 1080 Phone,0,24-9-2015,5145.3444
Phones,4938.808,CA-2016-118626,8/20/2016,Standard Class,JC-15775,John Castell,Consumer,United States,Tallahassee,Florida,South,TEC-PH-10000369,Technology,HTC One Mini,141.1088,15-8-2016,5009.3624
Phones,494.376,CA-2016-136770,8/18/2016,Standard Class,SP-20650,Stephanie Phelps,Corporate,United States,Akron,Ohio,East,TEC-PH-10001530,Technology,Plantronics Voyager Pro Legend,98.8752,14-8-2016,444.9384
Phones,494.55,CA-2014-166555,7/14/2014,First Class,JK-15205,Jamie Kunitz,Consumer,United States,Niagara Falls,New York,East,TEC-PH-10004912,Technology,Cisco SPA112 2 Port Phone Adapter,0,7-11-2014,542.3565
Phones,496.8,CA-2016-167241,8/22/2016,Standard Class,BD-11320,Bill Donatelli,Consumer,United States,Los Angeles,California,West,TEC-PH-10004614,Technology,AT&T 841000 Phone,33.12,15-8-2016,507.15
Phones,499.168,CA-2015-121720,12/6/2015,First Class,JE-15610,Jim Epp,Corporate,United States,Lakeland,Florida,South,TEC-PH-10002496,Technology,Cisco SPA301,49.9168,6-11-2015,530.366
Phones,499.168,CA-2015-127824,10/22/2015,Standard Class,JC-15775,John Castell,Consumer,United States,Seattle,Washington,West,TEC-PH-10004094,Technology,Motorola L703CM,49.9168,18-10-2015,514.767
Phones,499.168,CA-2016-113733,12/12/2016,Standard Class,LH-16900,Lena Hernandez,Consumer,United States,Greenville,North Carolina,South,TEC-PH-10002496,Technology,Cisco SPA301,49.9168,12-8-2016,530.366
Phones,499.168,US-2016-103674,10/12/2016,Standard Class,AP-10720,Anne Pryor,Home Office,United States,Los Angeles,California,West,TEC-PH-10002496,Technology,Cisco SPA301,49.9168,12-6-2016,530.366
Phones,499.99,CA-2015-109575,9/23/2015,Standard Class,KH-16630,Ken Heidel,Corporate,United States,Clinton,Maryland,East,TEC-PH-10000730,Technology,Samsung Galaxy S4 Active,0,18-9-2015,629.9874
Phones,5.5,CA-2016-124352,10/21/2016,Standard Class,CD-12790,Cynthia Delaney,Home Office,United States,Oklahoma City,Oklahoma,Central,TEC-PH-10003442,Technology,Samsung Replacement EH64AVFWE Premium Headset,0,15-10-2016,6.875
Phones,5.56,CA-2017-141929,8/9/2017,Standard Class,RA-19285,Ralph Arnett,Consumer,United States,Los Angeles,California,West,TEC-PH-10002185,Technology,QVS USB Car Charger 2-Port 2.1Amp for iPod/iPhone/iPad/iPad 2/iPad 3,1.112,9-4-2017,7.2975
Phones,50.04,CA-2017-159457,10/26/2017,Standard Class,RD-19480,Rick Duston,Consumer,United States,Houston,Texas,Central,TEC-PH-10002185,Technology,QVS USB Car Charger 2-Port 2.1Amp for iPod/iPhone/iPad/iPad 2/iPad 3,3.336,19-10-2017,55.2525
Phones,50.328,CA-2015-155124,3/21/2015,Standard Class,KS-16300,Karen Seio,Corporate,United States,Lehi,Utah,West,TEC-PH-10003356,Technology,"SmartStand Mobile Device Holder, Assorted Colors",3.3552,15-3-2015,52.0056
Phones,5003.64,CA-2014-140396,11/25/2014,Standard Class,KH-16330,Katharine Harms,Corporate,United States,New York City,New York,East,TEC-PH-10004447,Technology,Toshiba IPT2010-SD IP Telephone,0,20-11-2014,5220.4644
Phones,503.928,CA-2017-164707,2/21/2017,Second Class,CV-12805,Cynthia Voltz,Corporate,United States,Los Angeles,California,West,TEC-PH-10001924,Technology,iHome FM Clock Radio with Lightning Dock,33.5952,18-2-2017,514.4265
Phones,506.24,CA-2017-151008,8/9/2017,First Class,JM-16195,Justin MacKendrick,Consumer,United States,Draper,Utah,West,TEC-PH-10002807,Technology,Motorla HX550 Universal Bluetooth Headset,25.312,9-7-2017,553.7
Phones,509.208,CA-2015-124058,11/24/2015,Standard Class,LC-16885,Lena Creighton,Consumer,United States,Oakland,California,West,TEC-PH-10004774,Technology,Gear Head AU3700S Headset,14.5488,20-11-2015,493.7499
Phones,51.96,CA-2016-109666,4/26/2016,Standard Class,KM-16720,Kunst Miller,Consumer,United States,New York City,New York,East,TEC-PH-10004774,Technology,Gear Head AU3700S Headset,0,19-4-2016,52.7394
Phones,511.488,CA-2016-109743,9/29/2016,Standard Class,SH-19975,Sally Hughsby,Corporate,United States,Smyrna,Tennessee,South,TEC-PH-10004071,Technology,PayAnywhere Card Reader,12.7872,22-9-2016,517.0824
Phones,5114.85,CA-2015-135174,2/5/2015,Second Class,BP-11230,Benjamin Patterson,Consumer,United States,Troy,Ohio,East,TEC-PH-10001530,Technology,Cisco Unified IP Phone 7945G VoIP phone,409.188,30-4-2015,4859.1075
Phones,5149.75,CA-2016-105816,12/17/2016,Standard Class,JM-15265,Janet Molinari,Corporate,United States,New York City,New York,East,TEC-PH-10002447,Technology,AT&T CL83451 4-Handset Telephone,0,12-11-2016,5448.4355
Phones,515.96,CA-2014-107769,1/11/2014,Standard Class,BT-11395,Bill Tyler,Corporate,United States,Garden City,Kansas,Central,TEC-PH-10001336,Technology,Digium D40 VoIP phone,0,28-10-2014,590.7742
Phones,515.96,CA-2016-139878,11/16/2016,Standard Class,LD-17005,Lisa DeCherney,Consumer,United States,Detroit,Michigan,Central,TEC-PH-10001336,Technology,Digium D40 VoIP phone,0,11-11-2016,590.7742
Phones,515.96,CA-2016-146934,5/27/2016,Standard Class,AF-10870,Art Ferguson,Consumer,United States,Passaic,New Jersey,East,TEC-PH-10001336,Technology,Digium D40 VoIP phone,0,22-5-2016,590.7742
Phones,515.96,CA-2017-121083,7/15/2017,Standard Class,JF-15190,Jamie Frazer,Consumer,United States,Manchester,Connecticut,East,TEC-PH-10001336,Technology,Digium D40 VoIP phone,0,7-9-2017,590.7742
Phones,517.056,CA-2017-149895,12/9/2017,Standard Class,EB-14110,Eugene Barchas,Consumer,United States,Philadelphia,Pennsylvania,East,TEC-PH-10002200,Technology,Aastra 6757i CT Wireless VoIP phone,103.4112,9-8-2017,469.6592
Phones,517.152,CA-2017-121258,3/3/2017,Standard Class,DB-13060,Dave Brooks,Consumer,United States,Costa Mesa,California,West,TEC-PH-10003645,Technology,Aastra 57i VoIP phone,51.7152,26-2-2017,536.5452
Phones,517.152,US-2015-120502,4/19/2015,Standard Class,BT-11395,Bill Tyler,Corporate,United States,Los Angeles,California,West,TEC-PH-10003645,Technology,Aastra 57i VoIP phone,51.7152,13-4-2015,536.5452
Phones,518.112,CA-2017-139080,1/28/2017,Standard Class,CS-12250,Chris Selesnick,Corporate,United States,Seattle,Washington,West,TEC-PH-10004100,Technology,Griffin GC17055 Auxiliary Audio Cable,17.2704,23-1-2017,526.7472
Phones,5183.352,CA-2014-140732,11/13/2014,Second Class,MA-17560,Matt Abelman,Home Office,United States,Los Angeles,California,West,TEC-PH-10001425,Technology,Mophie Juice Pack Helium for iPhone,115.1856,11-11-2014,5240.9448
Phones,5183.36,CA-2015-164882,10/31/2015,Same Day,SG-20080,Sandra Glassco,Consumer,United States,Redlands,California,West,TEC-PH-10001578,Technology,Polycom SoundStation2 EX Conference phone,259.168,31-10-2015,5329.142
Phones,519.792,CA-2016-136770,8/18/2016,Standard Class,SP-20650,Stephanie Phelps,Corporate,United States,Akron,Ohio,East,TEC-PH-10003580,Technology,Cisco IP Phone 7961G-GE VoIP phone,103.9584,14-8-2016,463.4812
Phones,519.792,CA-2017-123036,9/17/2017,Standard Class,HA-14905,Helen Abelman,Consumer,United States,Springfield,Ohio,East,TEC-PH-10003580,Technology,Cisco IP Phone 7961G-GE VoIP phone,103.9584,9-10-2017,463.4812
Phones,52.792,CA-2014-134726,7/11/2014,Second Class,SW-20755,Steven Ward,Corporate,United States,Seattle,Washington,West,TEC-PH-10001750,Technology,Samsung Rugby III,10.5584,11-2-2014,57.4113
Phones,52.792,CA-2017-114804,10/19/2017,Second Class,BF-11020,Barry Französisch,Corporate,United States,Modesto,California,West,TEC-PH-10001700,Technology,Panasonic KX-TG6844B Expandable Digital Cordless Telephone,10.5584,17-10-2017,57.4113
Phones,52.99,CA-2017-127180,10/24/2017,First Class,TA-21385,Tom Ashbrook,Home Office,United States,New York City,New York,East,TEC-PH-10003800,Technology,i.Sound Portable Power - 8000 mAh,0,22-10-2017,53.5199
Phones,5249.85,CA-2014-105984,11/24/2014,Same Day,MY-18295,Muhammed Yedwab,Corporate,United States,Columbus,Ohio,East,TEC-PH-10000560,Technology,Samsung Galaxy S III - 16GB - pebble blue (T-Mobile),419.988,24-11-2014,5039.856
Phones,5291.608,CA-2014-103492,10/15/2014,Standard Class,CM-12715,Craig Molinari,Corporate,United States,Huntsville,Texas,Central,TEC-PH-10004667,Technology,Cisco 8x8 Inc. 6753i IP Business Phone System,151.1888,10-10-2014,5357.7531
Phones,532.44,CA-2015-156328,5/12/2015,Standard Class,RM-19375,Raymond Messe,Consumer,United States,Raleigh,North Carolina,South,TEC-PH-10001198,Technology,Avaya 4621SW VoIP phone,35.496,30-11-2015,552.4065
Phones,532.44,CA-2016-103107,4/7/2016,Same Day,RB-19465,Rick Bensley,Home Office,United States,Seattle,Washington,West,TEC-PH-10001198,Technology,Avaya 4621SW VoIP phone,35.496,7-4-2016,552.4065
Phones,532.44,CA-2016-105662,9/5/2016,Standard Class,RB-19465,Rick Bensley,Home Office,United States,Tallahassee,Florida,South,TEC-PH-10001198,Technology,Avaya 4621SW VoIP phone,35.496,5-5-2016,552.4065
Phones,532.44,US-2016-139710,6/15/2016,Standard Class,GM-14680,Greg Matthias,Consumer,United States,Los Angeles,California,West,TEC-PH-10001198,Technology,Avaya 4621SW VoIP phone,35.496,6-9-2016,552.4065
Phones,5330.808,CA-2017-122504,12/11/2017,Second Class,DB-13270,Deborah Brumfield,Home Office,United States,Brentwood,California,West,TEC-PH-10002468,Technology,"Plantronics CS 50-USB - headset - Convertible, Monaural",152.3088,11-7-2017,5397.4431
Phones,539.91,CA-2016-113621,5/12/2016,Standard Class,JE-15745,Joel Eaton,Consumer,United States,Rockville,Maryland,East,TEC-PH-10003931,Technology,JBL Micro Wireless Portable Bluetooth Speaker,0,12-1-2016,584.9025
Phones,539.96,US-2015-100069,3/7/2015,Standard Class,NF-18475,Neil Französisch,Home Office,United States,Omaha,Nebraska,Central,TEC-PH-10004667,Technology,Cisco 8x8 Inc. 6753i IP Business Phone System,0,29-6-2015,612.8546
Phones,539.96,US-2017-105046,7/23/2017,Standard Class,BE-11335,Bill Eplett,Home Office,United States,Rome,New York,East,TEC-PH-10004536,Technology,Avaya 5420 Digital phone,0,17-7-2017,607.455
Phones,54.368,CA-2017-110373,10/30/2017,Second Class,MA-17560,Matt Abelman,Home Office,United States,Chicago,Illinois,Central,TEC-PH-10001536,Technology,Spigen Samsung Galaxy S5 Case Wallet,5.4368,27-10-2017,56.4068
Phones,543.8,CA-2014-143210,3/12/2014,First Class,AA-10645,Anna Andreadi,Consumer,United States,Lowell,Massachusetts,East,TEC-PH-10004434,Technology,Cisco IP Phone 7961G VoIP phone - Dark gray,0,12-1-2014,622.651
Phones,5442.912,CA-2014-115812,6/14/2014,Standard Class,BH-11710,Brosina Hoffman,Consumer,United States,Los Angeles,California,West,TEC-PH-10002275,Technology,Mitel 5320 IP Phone VoIP phone,181.4304,6-9-2014,5533.6272
Phones,547.92,CA-2014-149643,11/20/2014,Standard Class,RH-19510,Rick Huthwaite,Home Office,United States,Manhattan,Kansas,Central,TEC-PH-10000038,Technology,Jawbone MINI JAMBOX Wireless Bluetooth Speaker,0,16-11-2014,558.8784
Phones,5499.8,CA-2015-166219,1/9/2015,Standard Class,BP-11185,Ben Peterman,Corporate,United States,Dallas,Texas,Central,TEC-PH-10004165,Technology,Mitel MiVoice 5330e IP Phone,219.992,28-8-2015,5582.297
Phones,55.992,CA-2016-162110,7/22/2016,Standard Class,NP-18670,Nora Paige,Consumer,United States,Phoenix,Arizona,West,TEC-PH-10001924,Technology,iHome FM Clock Radio with Lightning Dock,11.1984,18-7-2016,59.4915
Phones,55.992,CA-2017-144113,9/20/2017,Standard Class,JF-15355,Jay Fein,Consumer,United States,Austin,Texas,Central,TEC-PH-10002170,Technology,ClearSounds CSC500 Amplified Spirit Phone Corded phone,11.1984,16-9-2017,61.5912
Phones,5520,CA-2017-116953,4/25/2017,First Class,SV-20935,Susan Vittorini,Consumer,United States,Mesa,Arizona,West,TEC-PH-10004614,Technology,AT&T 841000 Phone,110.4,24-4-2017,5554.5
Phones,554.85,CA-2015-119879,11/25/2015,Standard Class,SS-20410,Shahid Shariari,Consumer,United States,Philadelphia,Pennsylvania,East,TEC-PH-10002923,Technology,"Logitech B530 USB Headset - headset - Full size, Binaural",44.388,21-11-2015,530.8065
Phones,56782.648,CA-2017-129021,8/26/2017,Second Class,PO-18850,Patrick O'Brill,Consumer,United States,Tallahassee,Florida,South,TEC-PH-10001459,Technology,Samsung Galaxy Mega 6.3,873.5792,23-8-2017,57110.2402
Phones,569.99,CA-2017-120404,11/24/2017,Second Class,KH-16330,Katharine Harms,Corporate,United States,New York City,New York,East,TEC-PH-10001363,Technology,Apple iPhone 5S,0,20-11-2017,740.987
Phones,57.568,CA-2014-141838,3/31/2014,Second Class,DK-12835,Damala Kotsonis,Corporate,United States,San Francisco,California,West,TEC-PH-10004100,Technology,Griffin GC17055 Auxiliary Audio Cable,5.7568,26-3-2014,60.4464
Phones,57.594,CA-2017-109085,2/20/2017,First Class,CK-12325,Christine Kargatis,Home Office,United States,Troy,Ohio,East,TEC-PH-10000526,Technology,Vtech CS6719,23.0376,17-2-2017,46.0752
Phones,574.56,CA-2016-103891,7/19/2016,Standard Class,KH-16690,Kristen Hastings,Corporate,United States,Los Angeles,California,West,TEC-PH-10000149,Technology,Cisco SPA525G2 IP Phone - Wireless,19.152,7-12-2016,581.742
Phones,574.75,CA-2016-134425,12/12/2016,Second Class,QJ-19255,Quincy Jones,Corporate,United States,Saint Paul,Minnesota,Central,TEC-PH-10003555,Technology,Motorola HK250 Universal Bluetooth Headset,0,12-8-2016,577.049
Phones,574.75,CA-2017-117401,5/22/2017,Second Class,PP-18955,Paul Prost,Home Office,United States,Springfield,Missouri,Central,TEC-PH-10003555,Technology,Motorola HK250 Universal Bluetooth Headset,0,18-5-2017,577.049
Phones,575.928,CA-2014-110786,2/1/2015,Standard Class,AJ-10795,Anthony Johnson,Corporate,United States,San Francisco,California,West,TEC-PH-10001425,Technology,Mophie Juice Pack Helium for iPhone,38.3952,29-12-2014,595.1256
Phones,575.928,CA-2017-143378,9/25/2017,Standard Class,JR-16210,Justin Ritter,Corporate,United States,Springfield,Oregon,West,TEC-PH-10001425,Technology,Mophie Juice Pack Helium for iPhone,38.3952,19-9-2017,595.1256
Phones,5759.872,CA-2016-168032,3/2/2016,Standard Class,DF-13135,David Flashing,Consumer,United States,Rockford,Illinois,Central,TEC-PH-10004241,Technology,Nokia Lumia 1020,287.9936,30-1-2016,5903.8688
Phones,5830.51,CA-2014-125556,11/16/2014,Second Class,ML-17410,Maris LaWare,Consumer,United States,Fairfield,Connecticut,East,TEC-PH-10001079,Technology,Polycom SoundPoint Pro SE-225 Corded phone,0,14-11-2014,6063.7304
Phones,586.04,CA-2015-114300,10/17/2015,Standard Class,AF-10885,Art Foster,Consumer,United States,Louisville,Kentucky,South,TEC-PH-10001552,Technology,I Need's 3d Hello Kitty Hybrid Silicone Case Cover for HTC One X 4g with 3d Hello Kitty Stylus Pen Green/pink,0,13-10-2015,609.4816
Phones,588.672,CA-2017-120999,9/15/2017,Standard Class,LC-16930,Linda Cazamias,Corporate,United States,Naperville,Illinois,Central,TEC-PH-10004093,Technology,Panasonic Kx-TS550,29.4336,9-10-2017,605.2284
Phones,59.994,CA-2016-129308,7/13/2016,Standard Class,CC-12100,Chad Cunningham,Home Office,United States,Philadelphia,Pennsylvania,East,TEC-PH-10002310,Technology,Panasonic KX T7731-B Digital phone,23.9976,7-7-2016,46.9953
Phones,590.328,CA-2014-105165,10/9/2014,First Class,SZ-20035,Sam Zeldin,Home Office,United States,Houston,Texas,Central,TEC-PH-10000675,Technology,Panasonic KX TS3282B Corded phone,39.3552,9-7-2014,605.0862
Phones,590.328,CA-2017-154116,12/19/2017,Standard Class,KM-16660,Khloe Miller,Consumer,United States,Inglewood,California,West,TEC-PH-10000675,Technology,Panasonic KX TS3282B Corded phone,39.3552,15-12-2017,605.0862
Phones,590.328,CA-2017-163902,8/3/2017,Standard Class,MY-17380,Maribeth Yedwab,Corporate,United States,Los Angeles,California,West,TEC-PH-10000675,Technology,Panasonic KX TS3282B Corded phone,39.3552,3-2-2017,605.0862
Phones,593.25,US-2017-110646,10/31/2017,Standard Class,JF-15190,Jamie Frazer,Consumer,United States,Philadelphia,Pennsylvania,East,TEC-PH-10002807,Technology,Motorla HX550 Universal Bluetooth Headset,47.46,26-10-2017,613.025
Phones,593.91,CA-2014-163552,7/15/2014,Standard Class,LA-16780,Laura Armstrong,Corporate,United States,Hackensack,New Jersey,East,TEC-PH-10003885,Technology,Cisco SPA508G,0,7-11-2014,651.3213
Phones,593.91,CA-2016-140438,12/27/2016,Second Class,PW-19030,Pauline Webber,Corporate,United States,New York City,New York,East,TEC-PH-10001750,Technology,Samsung Rugby III,0,24-12-2016,647.3619
Phones,593.91,CA-2017-157987,6/9/2017,Standard Class,AC-10615,Ann Chong,Corporate,United States,New York City,New York,East,TEC-PH-10003885,Technology,Cisco SPA508G,0,9-2-2017,651.3213
Phones,5938.688,US-2014-167262,3/11/2014,Second Class,AC-10450,Amy Cox,Consumer,United States,Avondale,Arizona,West,TEC-PH-10000486,Technology,Plantronics HL10 Handset Lifter,148.4672,31-10-2014,6022.2008
Phones,599.8,CA-2015-103205,10/12/2015,Second Class,JJ-15760,Joel Jenkins,Home Office,United States,Houston,Texas,Central,TEC-PH-10004896,Technology,Nokia Lumia 521 (T-Mobile),23.992,12-8-2015,611.796
Phones,599.8,CA-2015-123673,1/11/2015,Second Class,CH-12070,Cathy Hwang,Home Office,United States,Detroit,Michigan,Central,TEC-PH-10001809,Technology,Panasonic KX T7736-B Digital phone,0,30-10-2015,674.775
Phones,599.8,US-2017-146906,3/17/2017,Standard Class,MT-17815,Meg Tillman,Consumer,United States,New York City,New York,East,TEC-PH-10001809,Technology,Panasonic KX T7736-B Digital phone,0,13-3-2017,674.775
Phones,599.96,CA-2014-124478,12/8/2014,Standard Class,MA-17560,Matt Abelman,Home Office,United States,Trenton,Michigan,Central,TEC-PH-10001128,Technology,Motorola Droid Maxx,0,8-8-2014,683.9544
Phones,599.96,US-2015-132836,5/6/2015,Standard Class,AJ-10945,Ashley Jarboe,Consumer,United States,Detroit,Michigan,Central,TEC-PH-10001299,Technology,Polycom CX300 Desktop Phone USB VoIP phone,0,6-1-2015,683.9544
Phones,5990.016,US-2015-154389,3/12/2015,Standard Class,EH-14125,Eugene Hildebrand,Home Office,United States,Philadelphia,Pennsylvania,East,TEC-PH-10002789,Technology,LG Exalt,299.5008,27-11-2015,5827.7864
Phones,6009.504,CA-2014-153850,11/29/2014,Standard Class,TH-21100,Thea Hendricks,Consumer,United States,Toledo,Ohio,East,TEC-PH-10002584,Technology,Samsung Galaxy S4,600.9504,24-11-2014,5759.108
Phones,6013.44,CA-2015-130113,12/31/2015,Standard Class,AH-10030,Aaron Hawkins,Corporate,United States,San Francisco,California,West,TEC-PH-10003505,Technology,Geemarc AmpliPOWER60,133.632,27-12-2015,6088.608
Phones,602.91,CA-2014-165806,7/4/2014,Same Day,VM-21685,Valerie Mitchum,Home Office,United States,Marietta,Georgia,South,TEC-PH-10004922,Technology,RCA Visys Integrated PBX 8-Line Router,0,4-7-2014,653.1525
Phones,6036.408,CA-2016-140382,6/25/2016,Second Class,RD-19900,Ruben Dartt,Consumer,United States,San Francisco,California,West,TEC-PH-10003012,Technology,Nortel Meridian M3904 Professional Digital phone,172.4688,23-6-2016,6133.4217
Phones,604.768,CA-2016-111913,6/8/2016,Second Class,LC-16930,Linda Cazamias,Corporate,United States,Sacramento,California,West,TEC-PH-10002275,Technology,Mitel 5320 IP Phone VoIP phone,60.4768,8-4-2016,635.0064
Phones,604.768,CA-2016-129868,12/31/2016,Standard Class,MC-18130,Mike Caudle,Corporate,United States,Los Angeles,California,West,TEC-PH-10002275,Technology,Mitel 5320 IP Phone VoIP phone,60.4768,26-12-2016,635.0064
Phones,61.192,CA-2016-166226,11/22/2016,Standard Class,TC-21535,Tracy Collins,Home Office,United States,Los Angeles,California,West,TEC-PH-10003357,Technology,Grandstream GXP2100 Mainstream Business Phone,12.2384,18-11-2016,67.3112
Phones,61.542,CA-2017-115119,10/30/2017,Standard Class,SC-20440,Shaun Chance,Corporate,United States,Lancaster,Pennsylvania,East,TEC-PH-10001433,Technology,Cisco Small Business SPA 502G VoIP phone,24.6168,26-10-2017,48.2079
Phones,611.928,CA-2016-164399,11/15/2016,First Class,DW-13480,Dianna Wilson,Home Office,United States,San Diego,California,West,TEC-PH-10004908,Technology,Panasonic KX TS3282W Corded phone,40.7952,11-12-2016,637.425
Phones,615.96,CA-2015-120915,3/10/2015,Second Class,JJ-15445,Jennifer Jackson,Consumer,United States,New York City,New York,East,TEC-PH-10003012,Technology,Nortel Meridian M3904 Professional Digital phone,0,28-9-2015,705.2742
Phones,615.96,CA-2015-131338,12/8/2015,First Class,NP-18325,Naresj Patel,Consumer,United States,New York City,New York,East,TEC-PH-10003012,Technology,Nortel Meridian M3904 Professional Digital phone,0,8-9-2015,705.2742
Phones,615.96,CA-2015-144274,11/25/2015,Second Class,PW-19240,Pierre Wener,Consumer,United States,Wilmington,Delaware,East,TEC-PH-10003012,Technology,Nortel Meridian M3904 Professional Digital phone,0,23-11-2015,705.2742
Phones,615.96,US-2017-100048,5/24/2017,Standard Class,RS-19765,Roland Schwarz,Corporate,United States,Mount Vernon,New York,East,TEC-PH-10003012,Technology,Nortel Meridian M3904 Professional Digital phone,0,19-5-2017,705.2742
Phones,6173.51,CA-2016-127761,11/14/2016,Standard Class,SW-20275,Scott Williamson,Consumer,United States,New York City,New York,East,TEC-PH-10003691,Technology,BlackBerry Q10,0,11-10-2016,6393.9925
Phones,6173.51,US-2014-165659,6/6/2014,Standard Class,LT-17110,Liz Thompson,Consumer,United States,Little Rock,Arkansas,South,TEC-PH-10002563,Technology,Adtran 1202752G1,0,6-1-2014,6402.8118
Phones,621,CA-2017-104220,5/2/2017,Standard Class,BV-11245,Benjamin Venier,Corporate,United States,Des Moines,Iowa,Central,TEC-PH-10004614,Technology,AT&T 841000 Phone,0,30-1-2017,672.75
Phones,623.96,CA-2015-115392,4/10/2015,Second Class,RM-19675,Robert Marley,Home Office,United States,Cambridge,Massachusetts,East,TEC-PH-10002496,Technology,Cisco SPA301,0,10-1-2015,717.554
Phones,624.75,CA-2015-108665,10/7/2015,Standard Class,KM-16225,Kalyca Meade,Corporate,United States,New York City,New York,East,TEC-PH-10004188,Technology,OtterBox Commuter Series Case - Samsung Galaxy S4,0,7-6-2015,627.249
Phones,625.99,CA-2015-116876,2/21/2015,Standard Class,TT-21070,Ted Trevino,Consumer,United States,Rochester,New York,East,TEC-PH-10002584,Technology,Samsung Galaxy S4,0,14-2-2015,813.787
Phones,629.91,CA-2016-114601,2/9/2016,Standard Class,AA-10480,Andrew Allen,Consumer,United States,Detroit,Michigan,Central,TEC-PH-10002170,Technology,ClearSounds CSC500 Amplified Spirit Phone Corded phone,0,26-8-2016,688.7016
Phones,629.91,US-2015-126977,9/23/2015,Standard Class,PF-19120,Peter Fuller,Consumer,United States,New York City,New York,East,TEC-PH-10002170,Technology,ClearSounds CSC500 Amplified Spirit Phone Corded phone,0,17-9-2015,688.7016
Phones,63.216,US-2016-137547,12/3/2016,Standard Class,EB-13705,Ed Braxton,Corporate,United States,Fort Worth,Texas,Central,TEC-PH-10002365,Technology,Belkin Grip Candy Sheer Case / Cover for iPhone 5 and 5S,4.2144,3-7-2016,64.7964
Phones,63.84,CA-2015-120320,9/3/2015,Standard Class,MV-18190,Mike Vittorini,Consumer,United States,Houston,Texas,Central,TEC-PH-10000149,Technology,Cisco SPA525G2 IP Phone - Wireless,6.384,3-5-2015,66.234
Phones,63.968,CA-2016-157749,9/6/2016,Second Class,KL-16645,Ken Lonsdale,Consumer,United States,Chicago,Illinois,Central,TEC-PH-10000011,Technology,PureGear Roll-On Screen Protector,6.3968,6-4-2016,75.1624
Phones,63.968,CA-2017-135909,10/20/2017,Standard Class,JW-15220,Jane Waco,Corporate,United States,Sacramento,California,West,TEC-PH-10003187,Technology,Anker Astro Mini 3000mAh Ultra-Compact Portable Charger,6.3968,13-10-2017,55.972
Phones,63.968,US-2016-126452,8/28/2016,Standard Class,SC-20230,Scot Coram,Corporate,United States,Los Angeles,California,West,TEC-PH-10003187,Technology,Anker Astro Mini 3000mAh Ultra-Compact Portable Charger,6.3968,21-8-2016,55.972
Phones,633.504,CA-2016-127236,2/4/2016,Standard Class,TB-21595,Troy Blackwell,Consumer,United States,Springfield,Ohio,East,TEC-PH-10000141,Technology,Clearsounds A400,63.3504,29-3-2016,596.5496
Phones,633.504,CA-2017-106831,3/6/2017,First Class,FH-14350,Fred Harton,Consumer,United States,Dublin,Ohio,East,TEC-PH-10001700,Technology,Panasonic KX-TG6844B Expandable Digital Cordless Telephone,63.3504,6-1-2017,599.1892
Phones,636.51,CA-2017-143259,3/1/2018,Standard Class,PO-18865,Patrick O'Donnell,Consumer,United States,New York City,New York,East,TEC-PH-10004774,Technology,Gear Head AU3700S Headset,0,30-12-2017,639.2379
Phones,636.8,CA-2014-108189,5/10/2014,First Class,ES-14080,Erin Smith,Corporate,United States,Tempe,Arizona,West,TEC-PH-10001760,Technology,Bose SoundLink Bluetooth Speaker,63.68,10-2-2014,744.26
Phones,639.872,CA-2016-100993,10/2/2016,Standard Class,AZ-10750,Annie Zypern,Consumer,United States,San Diego,California,West,TEC-PH-10001448,Technology,Anker Astro 15000mAh USB Portable Charger,31.9936,2-5-2016,607.8784
Phones,640.44,CA-2014-143336,1/9/2014,Second Class,ZD-21925,Zuschuss Donatelli,Consumer,United States,San Francisco,California,West,TEC-PH-10001949,Technology,Cisco SPA 501G IP Phone,42.696,27-8-2014,656.451
Phones,6450.688,CA-2014-109897,8/16/2014,Standard Class,BW-11200,Ben Wallace,Consumer,United States,San Francisco,California,West,TEC-PH-10003691,Technology,BlackBerry Q10,161.2672,8-12-2014,6501.084
Phones,647.352,US-2017-158505,7/21/2017,Same Day,SF-20200,Sarah Foster,Consumer,United States,Murray,Utah,West,TEC-PH-10004071,Technology,PayAnywhere Card Reader,14.3856,21-7-2017,653.6457
Phones,6473.75,US-2016-150140,10/4/2016,Standard Class,VM-21685,Valerie Mitchum,Home Office,United States,Burlington,Vermont,East,TEC-PH-10002555,Technology,Nortel Meridian M5316 Digital phone,0,4-6-2016,6810.385
Phones,65.99,CA-2017-123981,8/10/2017,Standard Class,RW-19630,Rob Williams,Corporate,United States,New York City,New York,East,TEC-PH-10002115,Technology,Plantronics 81402,0,10-2-2017,83.1474
Phones,65.99,CA-2017-129462,6/21/2017,Second Class,JE-15745,Joel Eaton,Consumer,United States,Florence,Kentucky,South,TEC-PH-10002085,Technology,Clarity 53712,0,16-6-2017,83.1474
Phones,6501.888,CA-2016-152555,2/4/2016,Second Class,ME-17320,Maria Etezadi,Home Office,United States,Chicago,Illinois,Central,TEC-PH-10001254,Technology,Jabra BIZ 2300 Duo QD Duo Corded Headset,162.5472,29-3-2016,6562.8432
Phones,6560.514,CA-2016-121223,9/13/2016,Second Class,GD-14590,Giulietta Dortch,Corporate,United States,Philadelphia,Pennsylvania,East,TEC-PH-10004667,Technology,Cisco 8x8 Inc. 6753i IP Business Phone System,291.5784,9-11-2016,6402.5757
Phones,659.168,CA-2016-123932,12/9/2016,Standard Class,YC-21895,Yoseph Carroll,Corporate,United States,Dallas,Texas,Central,TEC-PH-10002447,Technology,AT&T CL83451 4-Handset Telephone,65.9168,9-6-2016,696.2462
Phones,659.976,CA-2017-113453,10/28/2017,Standard Class,CM-12160,Charles McCrossin,Consumer,United States,Philadelphia,Pennsylvania,East,TEC-PH-10004165,Technology,Mitel MiVoice 5330e IP Phone,131.9952,21-10-2017,582.9788
Phones,6614.51,CA-2016-114104,11/24/2016,Standard Class,NP-18670,Nora Paige,Consumer,United States,Edmond,Oklahoma,Central,TEC-PH-10004536,Technology,Avaya 5420 Digital phone,0,20-11-2016,6850.7425
Phones,6624.408,CA-2015-110548,8/5/2015,Standard Class,AH-10690,Anna Häberlin,Corporate,United States,Houston,Texas,Central,TEC-PH-10002922,Technology,ShoreTel ShorePhone IP 230 VoIP phone,189.2688,5-4-2015,6742.701
Phones,6624.408,CA-2015-126697,9/24/2015,First Class,SV-20815,Stuart Van,Corporate,United States,Houston,Texas,Central,TEC-PH-10002922,Technology,ShoreTel ShorePhone IP 230 VoIP phone,189.2688,21-9-2015,6742.701
Phones,67.04,CA-2016-100468,1/12/2016,Standard Class,AT-10435,Alyssa Tate,Home Office,United States,Los Angeles,California,West,TEC-PH-10001300,Technology,"iKross Bluetooth Portable Keyboard + Cell Phone Stand Holder + Brush for Apple iPhone 5S 5C 5, 4S 4",6.704,24-11-2016,70.392
Phones,67.992,CA-2017-164168,11/18/2017,Standard Class,LS-16975,Lindsay Shagiari,Home Office,United States,Dallas,Texas,Central,TEC-PH-10004908,Technology,Panasonic KX TS3282W Corded phone,13.5984,11-12-2017,76.491
Phones,671.872,CA-2014-106376,10/12/2014,Standard Class,BS-11590,Brendan Sweed,Corporate,United States,Gilbert,Arizona,West,TEC-PH-10002726,Technology,netTALK DUO VoIP Telephone Service,33.5936,12-5-2014,734.86
Phones,671.872,CA-2017-111647,7/7/2017,Standard Class,RD-19585,Rob Dowd,Consumer,United States,Plano,Texas,Central,TEC-PH-10002726,Technology,netTALK DUO VoIP Telephone Service,33.5936,7-3-2017,734.86
Phones,675.96,US-2015-109015,12/9/2015,Standard Class,BS-11590,Brendan Sweed,Corporate,United States,New York City,New York,East,TEC-PH-10002922,Technology,ShoreTel ShorePhone IP 230 VoIP phone,0,9-6-2015,777.354
Phones,676.728,CA-2015-164567,6/19/2015,Standard Class,GK-14620,Grace Kelly,Corporate,United States,Los Angeles,California,West,TEC-PH-10002103,Technology,Jabra SPEAK 410,45.1152,15-6-2015,699.2856
Phones,6799.8,CA-2017-147760,5/11/2017,First Class,KL-16555,Kelly Lampkin,Corporate,United States,Greensboro,North Carolina,South,TEC-PH-10002483,Technology,Motorola Moto X,271.992,11-4-2017,6918.7965
Phones,6819.8,CA-2016-105256,5/20/2016,Same Day,JK-15730,Joe Kamberova,Consumer,United States,Asheville,North Carolina,South,TEC-PH-10001530,Technology,Cisco Unified IP Phone 7945G VoIP phone,272.792,20-5-2016,6905.0475
Phones,6819.8,CA-2016-169103,3/13/2016,Standard Class,ZC-21910,Zuschuss Carroll,Consumer,United States,Miami,Florida,South,TEC-PH-10001530,Technology,Cisco Unified IP Phone 7945G VoIP phone,272.792,3-8-2016,6905.0475
Phones,689.408,CA-2015-141810,7/11/2015,Standard Class,BB-10990,Barry Blumstein,Corporate,United States,San Antonio,Texas,Central,TEC-PH-10002200,Technology,Aastra 6757i CT Wireless VoIP phone,68.9408,11-2-2015,728.1872
Phones,689.408,CA-2017-121643,5/20/2017,First Class,AB-10105,Adrian Barton,Consumer,United States,Portland,Oregon,West,TEC-PH-10002200,Technology,Aastra 6757i CT Wireless VoIP phone,68.9408,18-5-2017,728.1872
Phones,691.128,CA-2014-108189,5/10/2014,First Class,ES-14080,Erin Smith,Corporate,United States,Tempe,Arizona,West,TEC-PH-10001557,Technology,Pyle PMP37LED,46.0752,10-2-2014,711.2859
Phones,6974.75,CA-2014-110408,10/20/2014,Second Class,AS-10225,Alan Schoenberger,Corporate,United States,Montgomery,Alabama,South,TEC-PH-10002352,Technology,Avaya IP Phone 1140E VoIP phone,0,18-10-2014,7337.437
Phones,699,CA-2014-123855,6/23/2014,Standard Class,MC-18100,Mick Crebagga,Consumer,United States,Los Angeles,California,West,TEC-PH-10000215,Technology,Plantronics Cordless Phone Headset with In-line Volume - M214C,27.96,18-6-2014,711.2325
Phones,7.992,CA-2014-133753,6/13/2014,Second Class,CW-11905,Carl Weiss,Home Office,United States,Huntsville,Texas,Central,TEC-PH-10000376,Technology,Square Credit Card Reader,1.5984,6-9-2014,8.5914
Phones,7.992,CA-2017-131807,10/10/2017,Standard Class,GG-14650,Greg Guthrie,Corporate,United States,Chico,California,West,TEC-PH-10000702,Technology,"Square Credit Card Reader, 4 1/2"" x 4 1/2"" x 1"", White",1.5984,10-5-2017,10.6893
Phones,7.992,CA-2017-161774,5/15/2017,First Class,GT-14710,Greg Tran,Consumer,United States,Houston,Texas,Central,TEC-PH-10004071,Technology,PayAnywhere Card Reader,1.5984,14-5-2017,8.6913
Phones,7.992,CA-2017-162474,3/16/2017,First Class,FH-14275,Frank Hawley,Corporate,United States,Aurora,Illinois,Central,TEC-PH-10004700,Technology,PowerGen Dual USB Car Charger,1.5984,13-3-2017,10.5894
Phones,7.992,CA-2017-168109,3/7/2017,Same Day,JK-15640,Jim Kriz,Home Office,United States,Seattle,Washington,West,TEC-PH-10000702,Technology,"Square Credit Card Reader, 4 1/2"" x 4 1/2"" x 1"", White",1.5984,7-3-2017,10.6893
Phones,70.24,CA-2015-147816,9/26/2015,Second Class,CM-11935,Carlos Meador,Consumer,United States,Tucson,Arizona,West,TEC-PH-10003095,Technology,Samsung HM1900 Bluetooth Headset,7.024,24-9-2015,83.41
Phones,70.368,US-2017-116491,11/13/2017,First Class,PG-18820,Patrick Gardner,Consumer,United States,Dallas,Texas,Central,TEC-PH-10004531,Technology,OtterBox Commuter Series Case - iPhone 5 & 5s,7.0368,11-11-2017,82.6824
Phones,7055.608,CA-2014-103660,8/30/2014,Standard Class,MW-18220,Mitch Webber,Consumer,United States,Seattle,Washington,West,TEC-PH-10000895,Technology,Polycom VVX 310 VoIP phone,201.5888,25-8-2014,7131.2038
Phones,71.928,CA-2014-152345,3/1/2015,Second Class,ST-20530,Shui Tom,Consumer,United States,Albuquerque,New Mexico,West,TEC-PH-10004897,Technology,Mediabridge Sport Armband iPhone 5s,4.7952,29-12-2014,66.2337
Phones,71.928,CA-2017-134495,4/4/2017,Second Class,BF-11020,Barry Französisch,Corporate,United States,Jacksonville,Florida,South,TEC-PH-10004897,Technology,Mediabridge Sport Armband iPhone 5s,4.7952,4-1-2017,66.2337
Phones,71.96,CA-2014-109890,7/27/2014,Standard Class,PG-18820,Patrick Gardner,Consumer,United States,Omaha,Nebraska,Central,TEC-PH-10004100,Technology,Griffin GC17055 Auxiliary Audio Cable,0,21-7-2014,82.0344
Phones,71.968,CA-2016-157217,7/21/2016,First Class,TC-21535,Tracy Collins,Home Office,United States,San Francisco,California,West,TEC-PH-10002070,Technology,Griffin GC36547 PowerJolt SE Lightning Charger,7.1968,19-7-2016,76.466
Phones,7116.288,CA-2017-117212,2/28/2017,Second Class,BT-11530,Bradley Talbott,Home Office,United States,Los Angeles,California,West,TEC-PH-10004447,Technology,Toshiba IPT2010-SD IP Telephone,177.9072,26-2-2017,7183.0032
Phones,7160,CA-2014-103310,5/15/2014,Standard Class,GM-14680,Greg Matthias,Consumer,United States,San Jose,California,West,TEC-PH-10001817,Technology,Wilson Electronics DB Pro Signal Booster,286.4,5-10-2014,7285.3
Phones,718.2,CA-2017-140949,3/22/2017,Second Class,DB-13405,Denny Blanton,Consumer,United States,New York City,New York,East,TEC-PH-10000149,Technology,Cisco SPA525G2 IP Phone - Wireless,0,17-3-2017,749.322
Phones,719.64,US-2017-118598,11/16/2017,Same Day,CM-12190,Charlotte Melton,Consumer,United States,Utica,New York,East,TEC-PH-10002583,Technology,iOttie HLCRIO102 Car Mount,0,16-11-2017,725.637
Phones,719.91,CA-2014-100895,6/6/2014,Standard Class,SV-20785,Stewart Visinsky,Consumer,United States,Roswell,Georgia,South,TEC-PH-10001425,Technology,Mophie Juice Pack Helium for iPhone,0,6-2-2014,787.1016
Phones,719.91,CA-2015-103177,1/6/2015,First Class,EN-13780,Edward Nazzal,Consumer,United States,New York City,New York,East,TEC-PH-10001795,Technology,RCA H5401RE1 DECT 6.0 4-Line Cordless Handset With Caller ID/Call Waiting,0,30-5-2015,722.3097
Phones,719.91,CA-2017-163531,6/30/2017,Standard Class,SC-20725,Steven Cartwright,Consumer,United States,New York City,New York,East,TEC-PH-10001425,Technology,Mophie Juice Pack Helium for iPhone,0,26-6-2017,787.1016
Phones,719.928,CA-2015-145394,11/20/2015,Standard Class,MC-17605,Matt Connell,Corporate,United States,Chicago,Illinois,Central,TEC-PH-10001051,Technology,HTC One,47.9952,16-11-2015,746.9253
Phones,719.928,CA-2016-121020,10/31/2016,Standard Class,CG-12040,Catherine Glotzbach,Home Office,United States,Lebanon,Tennessee,South,TEC-PH-10001061,Technology,Apple iPhone 5C,47.9952,24-10-2016,737.9262
Phones,719.928,CA-2017-119284,6/20/2017,Standard Class,TS-21205,Thomas Seio,Corporate,United States,Nashville,Tennessee,South,TEC-PH-10001051,Technology,HTC One,47.9952,15-6-2017,746.9253
Phones,719.928,US-2015-168704,4/17/2015,Standard Class,FP-14320,Frank Preis,Consumer,United States,Huntsville,Texas,Central,TEC-PH-10001061,Technology,Apple iPhone 5C,47.9952,13-4-2015,737.9262
Phones,719.96,US-2014-150434,7/24/2014,Standard Class,CA-12310,Christine Abelman,Corporate,United States,Bristol,Connecticut,East,TEC-PH-10000895,Technology,Polycom VVX 310 VoIP phone,0,19-7-2014,813.5548
Phones,722.752,CA-2016-148740,11/19/2016,Standard Class,AH-10690,Anna Häberlin,Corporate,United States,San Diego,California,West,TEC-PH-10002549,Technology,Polycom SoundPoint IP 450 VoIP phone,72.2752,15-11-2016,749.8552
Phones,722.752,CA-2017-161130,8/11/2017,Standard Class,BF-11275,Beth Fritzler,Corporate,United States,Miami,Florida,South,TEC-PH-10002549,Technology,Polycom SoundPoint IP 450 VoIP phone,72.2752,11-3-2017,749.8552
Phones,723.528,CA-2014-165309,11/15/2014,Standard Class,KD-16270,Karen Daniels,Consumer,United States,Houston,Texas,Central,TEC-PH-10004959,Technology,Classic Ivory Antique Telephone ZL1810,48.2352,11-11-2014,738.6015
Phones,724.75,CA-2014-131905,9/2/2014,First Class,ND-18460,Neil Ducich,Corporate,United States,Chesapeake,Virginia,South,TEC-PH-10001615,Technology,AT&T CL82213,0,2-6-2014,766.7855
Phones,73.568,CA-2015-129546,5/10/2015,Standard Class,RP-19855,Roy Phan,Corporate,United States,Los Angeles,California,West,TEC-PH-10003555,Technology,Motorola HK250 Universal Bluetooth Headset,7.3568,28-9-2015,65.2916
Phones,7349.51,CA-2014-164315,8/4/2014,Standard Class,RD-19585,Rob Dowd,Consumer,United States,Athens,Georgia,South,TEC-PH-10001128,Technology,Motorola Droid Maxx,0,4-2-2014,7643.4904
Phones,738.504,CA-2015-150308,12/20/2015,Standard Class,RR-19525,Rick Reed,Corporate,United States,Cary,North Carolina,South,TEC-PH-10001433,Technology,Cisco Small Business SPA 502G VoIP phone,49.2336,15-12-2015,760.0437
Phones,738.504,CA-2016-137729,9/5/2016,Standard Class,BF-11005,Barry Franz,Home Office,United States,Los Angeles,California,West,TEC-PH-10001433,Technology,Cisco Small Business SPA 502G VoIP phone,49.2336,5-5-2016,760.0437
Phones,74.24,CA-2015-140718,4/7/2015,First Class,FA-14230,Frank Atkinson,Corporate,United States,Raleigh,North Carolina,South,TEC-PH-10003505,Technology,Geemarc AmpliPOWER60,14.848,7-2-2015,82.592
Phones,74.25,CA-2015-167010,10/4/2015,Standard Class,VT-21700,Valerie Takahito,Home Office,United States,Philadelphia,Pennsylvania,East,TEC-PH-10000347,Technology,Cush Cases Heavy Duty Rugged Cover Case for Samsung Galaxy S5 - Purple,5.94,4-5-2015,71.0325
Phones,749.75,CA-2014-158274,11/24/2014,Second Class,RM-19675,Robert Marley,Home Office,United States,Monroe,Louisiana,South,TEC-PH-10004896,Technology,Nokia Lumia 521 (T-Mobile),0,19-11-2014,791.736
Phones,749.75,CA-2015-113901,10/24/2015,Standard Class,NH-18610,Nicole Hansen,Corporate,United States,Detroit,Michigan,Central,TEC-PH-10002564,Technology,OtterBox Defender Series Case - Samsung Galaxy S4,0,19-10-2015,794.735
Phones,749.75,CA-2016-105732,9/18/2016,Standard Class,AG-10270,Alejandro Grove,Consumer,United States,Omaha,Nebraska,Central,TEC-PH-10001644,Technology,"BlueLounge Milo Smartphone Stand, White/Metallic",0,13-9-2016,791.736
Phones,7499.85,CA-2016-114867,12/28/2016,Standard Class,FM-14290,Frank Merwin,Home Office,United States,Philadelphia,Pennsylvania,East,TEC-PH-10002645,Technology,LG G2,599.988,23-12-2016,7124.8575
Phones,7519.84,CA-2017-141439,1/12/2017,Standard Class,TT-21460,Tonja Turnell,Home Office,United States,Richmond,Indiana,Central,TEC-PH-10002624,Technology,Samsung Galaxy S4 Mini,0,26-11-2017,8065.0284
Phones,754.2,CA-2016-160220,10/26/2016,Standard Class,JS-16030,Joy Smith,Consumer,United States,Trenton,Michigan,Central,TEC-PH-10001300,Technology,"iKross Bluetooth Portable Keyboard + Cell Phone Stand Holder + Brush for Apple iPhone 5S 5C 5, 4S 4",0,20-10-2016,789.396
Phones,7642.824,CA-2017-161410,3/7/2017,Standard Class,CC-12220,Chris Cortes,Consumer,United States,Philadelphia,Pennsylvania,East,TEC-PH-10000673,Technology,Plantronics Voyager Pro HD - Bluetooth Headset,218.3664,26-6-2017,7715.6128
Phones,7643.51,CA-2016-113607,10/18/2016,Standard Class,PW-19030,Pauline Webber,Corporate,United States,New York City,New York,East,TEC-PH-10004094,Technology,Motorola L703CM,0,14-10-2016,7916.4925
Phones,765.44,CA-2017-164756,9/22/2017,Standard Class,SS-20140,Saphhira Shifley,Corporate,United States,Columbus,Georgia,South,TEC-PH-10001552,Technology,I Need's 3d Hello Kitty Hybrid Silicone Case Cover for HTC One X 4g with 3d Hello Kitty Stylus Pen Green/pink,0,18-9-2017,792.2304
Phones,7682.808,CA-2016-117590,10/12/2016,First Class,GH-14485,Gene Hale,Corporate,United States,Richardson,Texas,Central,TEC-PH-10004977,Technology,GE 30524EE4,219.5088,12-8-2016,7806.2817
Phones,7772.76,CA-2016-156685,10/7/2016,Second Class,SC-20230,Scot Coram,Corporate,United States,Arlington,Texas,Central,TEC-PH-10004345,Technology,Cisco SPA 502G IP Phone,172.728,7-8-2016,7880.715
Phones,7775.352,CA-2016-127698,1/12/2016,Same Day,MV-18190,Mike Vittorini,Consumer,United States,Raleigh,North Carolina,South,TEC-PH-10003811,Technology,Jabra Supreme Plus Driver Edition Headset,172.7856,12-1-2016,7861.7448
Phones,7800.8,US-2015-161991,9/28/2015,Second Class,SC-20725,Steven Cartwright,Consumer,United States,Houston,Texas,Central,TEC-PH-10001760,Technology,Bose SoundLink Bluetooth Speaker,222.88,26-9-2015,8176.91
Phones,783.96,CA-2014-167199,10/1/2014,Standard Class,ME-17320,Maria Etezadi,Home Office,United States,Henderson,Kentucky,South,TEC-PH-10004977,Technology,GE 30524EE4,0,1-6-2014,897.6342
Phones,783.96,CA-2017-122196,9/24/2017,First Class,CA-12265,Christina Anderson,Consumer,United States,Wilmington,Delaware,East,TEC-PH-10004977,Technology,GE 30524EE4,0,22-9-2017,897.6342
Phones,783.96,CA-2017-160325,9/24/2017,Same Day,BP-11095,Bart Pistole,Corporate,United States,Lawrence,Massachusetts,East,TEC-PH-10000984,Technology,Panasonic KX-TG9471B,0,24-9-2017,893.7144
Phones,79.96,US-2016-168410,2/26/2016,Standard Class,BV-11245,Benjamin Venier,Corporate,United States,Oceanside,New York,East,TEC-PH-10002583,Technology,iOttie HLCRIO102 Car Mount,0,21-2-2016,81.959
Phones,79.968,US-2017-125647,9/28/2017,Standard Class,LC-16870,Lena Cacioppo,Consumer,United States,Chicago,Illinois,Central,TEC-PH-10004188,Technology,OtterBox Commuter Series Case - Samsung Galaxy S4,7.9968,23-9-2017,70.9716
Phones,7935.872,CA-2014-134313,7/11/2014,Standard Class,RA-19915,Russell Applegate,Consumer,United States,Denver,Colorado,West,TEC-PH-10001795,Technology,ClearOne CHATAttach 160 - speaker phone,396.7936,11-1-2014,8183.868
Phones,799.2,CA-2017-108574,11/10/2017,Standard Class,MG-18145,Mike Gockenbach,Consumer,United States,Los Angeles,California,West,TEC-PH-10000702,Technology,"Square Credit Card Reader, 4 1/2"" x 4 1/2"" x 1"", White",15.984,10-7-2017,826.173
Phones,799.8,US-2017-155999,8/13/2017,Standard Class,JK-15370,Jay Kimmel,Consumer,United States,San Diego,California,West,TEC-PH-10000439,Technology,GE DSL Phone Line Filter,31.992,8-7-2017,817.7955
Phones,8.78,CA-2016-116526,5/9/2016,Standard Class,JA-15970,Joseph Airdo,Consumer,United States,Detroit,Michigan,Central,TEC-PH-10002365,Technology,Belkin Grip Candy Sheer Case / Cover for iPhone 5 and 5S,0,9-1-2016,11.0628
Phones,80.946,CA-2015-123939,8/26/2015,Second Class,MS-17710,Maurice Satty,Consumer,United States,Bowling Green,Ohio,East,TEC-PH-10000923,Technology,"Belkin SportFit Armband For iPhone 5s/5c, Fuchsia",10.7928,24-8-2015,84.9933
Phones,8012.672,CA-2017-121790,6/2/2017,Standard Class,LP-17095,Liz Preis,Consumer,United States,Aurora,Illinois,Central,TEC-PH-10002584,Technology,Samsung Galaxy S4,400.6336,30-1-2017,8263.068
Phones,806.272,CA-2015-122826,6/25/2015,Second Class,RD-19480,Rick Duston,Consumer,United States,Olympia,Washington,West,TEC-PH-10004830,Technology,Pyle PRT45 Retro Home Telephone,40.3136,23-6-2015,828.9484
Phones,809.946,CA-2015-135314,7/14/2015,Second Class,MC-17575,Matt Collins,Consumer,United States,Philadelphia,Pennsylvania,East,TEC-PH-10003072,Technology,Panasonic KX-TG9541B DECT 6.0 Digital 2-Line Expandable Cordless Phone With Digital Answering System,107.9928,7-9-2015,850.4433
Phones,823.96,CA-2017-164756,9/22/2017,Standard Class,SS-20140,Saphhira Shifley,Corporate,United States,Columbus,Georgia,South,TEC-PH-10002447,Technology,AT&T CL83451 4-Handset Telephone,0,18-9-2017,943.4342
Phones,83.8,US-2015-132836,5/6/2015,Standard Class,AJ-10945,Ashley Jarboe,Consumer,United States,Detroit,Michigan,Central,TEC-PH-10001300,Technology,"iKross Bluetooth Portable Keyboard + Cell Phone Stand Holder + Brush for Apple iPhone 5S 5C 5, 4S 4",0,6-1-2015,95.532
Phones,83.976,CA-2015-167010,10/4/2015,Standard Class,VT-21700,Valerie Takahito,Home Office,United States,Philadelphia,Pennsylvania,East,TEC-PH-10002844,Technology,Speck Products Candyshell Flip Case,16.7952,4-5-2015,74.1788
Phones,835.2,CA-2016-160815,6/9/2016,First Class,TR-21325,Toby Ritter,Consumer,United States,Cedar Rapids,Iowa,Central,TEC-PH-10003505,Technology,Geemarc AmpliPOWER60,0,9-5-2016,915.936
Phones,8399.8,CA-2014-131387,4/30/2014,First Class,AI-10855,Arianne Irving,Consumer,United States,San Francisco,California,West,TEC-PH-10001459,Technology,Samsung Galaxy Mega 6.3,335.992,28-4-2014,8525.797
Phones,842.346,CA-2016-158099,5/9/2016,First Class,PK-18910,Paul Knutson,Home Office,United States,Philadelphia,Pennsylvania,East,TEC-PH-10002496,Technology,Cisco SPA301,112.3128,9-3-2016,795.549
Phones,842.346,US-2016-151827,2/4/2016,Second Class,CS-11950,Carlos Soltero,Consumer,United States,Philadelphia,Pennsylvania,East,TEC-PH-10002789,Technology,LG Exalt,112.3128,31-3-2016,781.5099
Phones,844.672,CA-2014-162992,12/21/2014,First Class,BP-11095,Bart Pistole,Corporate,United States,Los Angeles,California,West,TEC-PH-10002085,Technology,Clarity 53712,42.2336,19-12-2014,860.5096
Phones,844.672,CA-2016-148852,5/31/2016,Standard Class,SV-20785,Stewart Visinsky,Consumer,United States,Santa Ana,California,West,TEC-PH-10003885,Technology,Cisco SPA508G,42.2336,26-5-2016,868.4284
Phones,844.672,CA-2016-151092,8/13/2016,Standard Class,VG-21790,Vivek Gonzalez,Consumer,United States,Los Angeles,California,West,TEC-PH-10001700,Technology,Panasonic KX-TG6844B Expandable Digital Cordless Telephone,42.2336,8-6-2016,863.1492
Phones,844.672,US-2017-117534,3/26/2017,First Class,CV-12295,Christina VanderZanden,Consumer,United States,Fresno,California,West,TEC-PH-10000141,Technology,Clearsounds A400,42.2336,25-3-2017,860.5096
Phones,845.91,CA-2014-150518,11/24/2014,Standard Class,MW-18220,Mitch Webber,Consumer,United States,Coon Rapids,Minnesota,Central,TEC-PH-10002103,Technology,Jabra SPEAK 410,0,19-11-2014,924.8616
Phones,845.91,CA-2017-165841,12/28/2017,Standard Class,DB-13210,Dean Braden,Consumer,United States,Paterson,New Jersey,East,TEC-PH-10002103,Technology,Jabra SPEAK 410,0,21-12-2017,924.8616
Phones,8489.936,CA-2015-140410,7/11/2015,Standard Class,CM-12655,Corinna Mitchell,Home Office,United States,Los Angeles,California,West,TEC-PH-10003580,Technology,Cisco IP Phone 7961G-GE VoIP phone,242.5696,11-3-2015,8596.0602
Phones,8494.56,CA-2017-105669,9/22/2017,Second Class,SJ-20125,Sanjit Jacobs,Home Office,United States,Houston,Texas,Central,TEC-PH-10002415,Technology,Polycom VoiceStation 500 Conference phone,283.152,17-9-2017,8583.045
Phones,859.2,CA-2017-153045,1/24/2017,Second Class,NS-18505,Neola Schneider,Consumer,United States,Philadelphia,Pennsylvania,East,TEC-PH-10001817,Technology,Wilson Electronics DB Pro Signal Booster,171.84,19-1-2017,766.12
Phones,86.04,CA-2016-145261,12/21/2016,First Class,AH-10120,Adrian Hane,Home Office,United States,Salem,Oregon,West,TEC-PH-10004833,Technology,Macally Suction Cup Mount,5.736,18-12-2016,78.87
Phones,860.44,US-2016-127971,11/27/2016,Standard Class,DW-13195,David Wiener,Corporate,United States,Houston,Texas,Central,TEC-PH-10003095,Technology,Samsung HM1900 Bluetooth Headset,24.584,20-11-2016,906.535
Phones,861.76,CA-2017-104640,11/16/2017,Standard Class,FH-14275,Frank Hawley,Corporate,United States,New York City,New York,East,TEC-PH-10002200,Technology,Aastra 6757i CT Wireless VoIP phone,0,11-10-2017,986.7152
Phones,863.136,CA-2014-122336,4/17/2014,Second Class,JD-15895,Jonathan Doherty,Corporate,United States,Philadelphia,Pennsylvania,East,TEC-PH-10000702,Technology,"Square Credit Card Reader, 4 1/2"" x 4 1/2"" x 1"", White",28.7712,13-4-2014,871.5276
Phones,863.64,CA-2015-135580,3/1/2016,Standard Class,CL-12565,Clay Ludtke,Consumer,United States,Los Angeles,California,West,TEC-PH-10004345,Technology,Cisco SPA 502G IP Phone,57.576,30-12-2015,899.625
Phones,863.64,CA-2016-132829,12/26/2016,Second Class,LA-16780,Laura Armstrong,Corporate,United States,Houston,Texas,Central,TEC-PH-10004345,Technology,Cisco SPA 502G IP Phone,57.576,23-12-2016,899.625
Phones,863.712,CA-2017-166898,9/13/2017,Second Class,KH-16630,Ken Heidel,Corporate,United States,Santa Ana,California,West,TEC-PH-10002564,Technology,OtterBox Defender Series Case - Samsung Galaxy S4,28.7904,9-11-2017,881.706
Phones,863.88,US-2016-155173,10/3/2016,Standard Class,JB-16045,Julia Barnett,Home Office,United States,Philadelphia,Pennsylvania,East,TEC-PH-10004586,Technology,Wilson SignalBoost 841262 DB PRO Amplifier Kit,172.776,3-6-2016,791.89
Phones,863.91,CA-2014-160766,9/14/2014,Same Day,DM-13015,Darrin Martin,Consumer,United States,New York City,New York,East,TEC-PH-10000526,Technology,Vtech CS6719,0,14-9-2014,944.5416
Phones,863.91,CA-2015-149342,4/25/2015,Standard Class,TS-21160,Theresa Swint,Corporate,United States,Columbus,Georgia,South,TEC-PH-10001557,Technology,Pyle PMP37LED,0,20-4-2015,941.6619
Phones,863.91,US-2017-126179,7/7/2017,Standard Class,CS-12460,Chuck Sachs,Consumer,United States,Columbus,Georgia,South,TEC-PH-10001557,Technology,Pyle PMP37LED,0,7-3-2017,941.6619
Phones,87.48,CA-2015-124107,12/10/2015,Second Class,BM-11650,Brian Moss,Corporate,United States,Ann Arbor,Michigan,Central,TEC-PH-10003875,Technology,KLD Oscar II Style Snap-on Ultra Thin Side Flip Synthetic Leather Cover Case for HTC One HTC M7,0,10-9-2015,95.9364
Phones,87.48,US-2017-163195,2/21/2017,Second Class,LL-16840,Lauren Leatherbury,Consumer,United States,Lafayette,Louisiana,South,TEC-PH-10003875,Technology,KLD Oscar II Style Snap-on Ultra Thin Side Flip Synthetic Leather Cover Case for HTC One HTC M7,0,17-2-2017,95.9364
Phones,872.694,US-2016-141544,1/9/2016,First Class,PO-18850,Patrick O'Brill,Consumer,United States,Philadelphia,Pennsylvania,East,TEC-PH-10003645,Technology,Aastra 57i VoIP phone,116.3592,30-8-2016,804.8178
Phones,88,CA-2016-128727,4/9/2016,Standard Class,MO-17800,Meg O'Connel,Home Office,United States,New York City,New York,East,TEC-PH-10003442,Technology,Samsung Replacement EH64AVFWE Premium Headset,0,29-8-2016,93.5
Phones,88.752,CA-2017-161172,3/16/2017,Same Day,SP-20920,Susan Pistek,Consumer,United States,Columbus,Ohio,East,TEC-PH-10004348,Technology,OtterBox Defender Series Case - iPhone 5c,17.7504,16-3-2017,81.356
Phones,8809.56,CA-2014-102673,5/11/2014,Standard Class,KH-16630,Ken Heidel,Corporate,United States,Charlotte,North Carolina,South,TEC-PH-10004434,Technology,Cisco IP Phone 7961G VoIP phone - Dark gray,195.768,11-1-2014,8919.6795
Phones,881.608,US-2015-136427,6/23/2015,First Class,JM-16195,Justin MacKendrick,Consumer,United States,Aurora,Colorado,West,TEC-PH-10002070,Technology,Griffin GC36547 PowerJolt SE Lightning Charger,25.1888,20-6-2015,897.351
Phones,8819.51,CA-2015-109575,9/23/2015,Standard Class,KH-16630,Ken Heidel,Corporate,United States,Clinton,Maryland,East,TEC-PH-10000895,Technology,Polycom VVX 310 VoIP phone,0,18-9-2015,9147.0918
Phones,89.568,US-2016-113649,12/8/2016,First Class,HA-14920,Helen Andreada,Consumer,United States,Fayetteville,North Carolina,South,TEC-PH-10002350,Technology,Apple EarPods with Remote and Mic,8.9568,8-9-2016,94.0464
Phones,89.91,CA-2016-105732,9/18/2016,Standard Class,AG-10270,Alejandro Grove,Consumer,United States,Omaha,Nebraska,Central,TEC-PH-10004897,Technology,Mediabridge Sport Armband iPhone 5s,0,13-9-2016,90.2097
Phones,89.91,CA-2017-109750,7/28/2017,Standard Class,FH-14365,Fred Hopkins,Corporate,United States,New York City,New York,East,TEC-PH-10000702,Technology,"Square Credit Card Reader, 4 1/2"" x 4 1/2"" x 1"", White",0,22-7-2017,103.9959
Phones,89.91,US-2015-129553,2/8/2015,Standard Class,PG-18820,Patrick Gardner,Consumer,United States,Louisville,Kentucky,South,TEC-PH-10004897,Technology,Mediabridge Sport Armband iPhone 5s,0,27-7-2015,90.2097
Phones,8998.75,CA-2015-130659,9/12/2015,Second Class,MS-17365,Maribeth Schnelling,Consumer,United States,New York City,New York,East,TEC-PH-10004586,Technology,Wilson SignalBoost 841262 DB PRO Amplifier Kit,0,12-4-2015,9538.675
Phones,9.99,CA-2014-127964,8/3/2014,Standard Class,AP-10720,Anne Pryor,Home Office,United States,New York City,New York,East,TEC-PH-10004700,Technology,PowerGen Dual USB Car Charger,0,3-3-2014,14.5854
Phones,901.208,CA-2017-108574,11/10/2017,Standard Class,MG-18145,Mike Gockenbach,Consumer,United States,Los Angeles,California,West,TEC-PH-10003555,Technology,Motorola HK250 Universal Bluetooth Headset,25.7488,10-7-2017,872.2406
Phones,904.8,CA-2014-123400,9/2/2014,Standard Class,EB-13930,Eric Barreto,Consumer,United States,Saint Petersburg,Florida,South,TEC-PH-10002890,Technology,AT&T 17929 Lendline Telephone,36.192,2-2-2014,918.372
Phones,904.8,CA-2015-121405,4/4/2015,Standard Class,FC-14335,Fred Chung,Corporate,United States,Chicago,Illinois,Central,TEC-PH-10002890,Technology,AT&T 17929 Lendline Telephone,36.192,30-3-2015,918.372
Phones,904.8,US-2016-116365,8/1/2016,Standard Class,CA-12310,Christine Abelman,Corporate,United States,San Antonio,Texas,Central,TEC-PH-10002890,Technology,AT&T 17929 Lendline Telephone,36.192,1-3-2016,918.372
Phones,907.128,CA-2014-100881,1/4/2014,Standard Class,DR-12940,Daniel Raglin,Home Office,United States,Albuquerque,New Mexico,West,TEC-PH-10003273,Technology,AT&T TR1909W,60.4752,28-3-2014,929.8062
Phones,907.128,CA-2014-110100,4/29/2014,Standard Class,LC-16885,Lena Creighton,Consumer,United States,Wilmington,North Carolina,South,TEC-PH-10004531,Technology,AT&T CL2909,60.4752,25-4-2014,944.925
Phones,907.128,CA-2014-145254,7/27/2014,Standard Class,NC-18535,Nick Crebassa,Corporate,United States,San Francisco,California,West,TEC-PH-10004531,Technology,AT&T CL2909,60.4752,23-7-2014,944.925
Phones,907.128,CA-2016-130162,1/11/2016,Standard Class,JH-15910,Jonathan Howell,Consumer,United States,Los Angeles,California,West,TEC-PH-10002563,Technology,Adtran 1202752G1,60.4752,28-10-2016,929.8062
Phones,907.128,CA-2016-160745,12/16/2016,Second Class,AR-10825,Anthony Rawles,Corporate,United States,Vancouver,Washington,West,TEC-PH-10003273,Technology,AT&T TR1909W,60.4752,12-11-2016,929.8062
Phones,907.128,CA-2017-100202,5/1/2017,Standard Class,BD-11620,Brian DeCherney,Consumer,United States,Anaheim,California,West,TEC-PH-10002563,Technology,Adtran 1202752G1,60.4752,31-12-2016,929.8062
Phones,907.128,CA-2017-118885,2/1/2018,Standard Class,JG-15160,James Galang,Consumer,United States,Los Angeles,California,West,TEC-PH-10002563,Technology,Adtran 1202752G1,60.4752,29-12-2017,929.8062
Phones,907.128,US-2017-116897,5/29/2017,First Class,JG-15160,James Galang,Consumer,United States,Pocatello,Idaho,West,TEC-PH-10004389,Technology,Nokia Lumia 925,60.4752,27-5-2017,929.8062
Phones,911.424,US-2017-130687,10/9/2017,First Class,PF-19225,Phillip Flathmann,Consumer,United States,Edmonds,Washington,West,TEC-PH-10002033,Technology,Konftel 250 Conference phone - Charcoal black,91.1424,9-7-2017,945.6024
Phones,9119.84,US-2016-113677,11/19/2016,Standard Class,CM-12655,Corinna Mitchell,Home Office,United States,New York City,New York,East,TEC-PH-10002114,Technology,Xiaomi Mi3,0,13-11-2016,9712.6296
Phones,914.328,CA-2015-150875,11/20/2015,Standard Class,HK-14890,Heather Kirkland,Corporate,United States,Boise,Idaho,West,TEC-PH-10001254,Technology,Jabra BIZ 2300 Duo QD Duo Corded Headset,60.9552,16-11-2015,937.1862
Phones,919.8,CA-2017-162978,9/5/2017,Standard Class,LW-16990,Lindsay Williams,Corporate,United States,San Francisco,California,West,TEC-PH-10003092,Technology,Motorola L804,36.792,5-4-2017,940.4955
Phones,92.768,CA-2014-115889,6/11/2014,Standard Class,SH-20395,Shahid Hopkins,Consumer,United States,San Francisco,California,West,TEC-PH-10001615,Technology,AT&T CL82213,9.2768,11-2-2014,97.9862
Phones,921.088,CA-2016-111318,7/26/2016,First Class,IL-15100,Ivan Liston,Consumer,United States,Houston,Texas,Central,TEC-PH-10004100,Technology,Griffin GC17055 Auxiliary Audio Cable,23.0272,23-7-2016,932.6016
Phones,9260.51,CA-2014-128146,6/25/2014,Standard Class,DB-13060,Dave Brooks,Consumer,United States,Lakewood,New Jersey,East,TEC-PH-10004539,Technology,Wireless Extenders zBoost YX545 SOHO Signal Booster,0,21-6-2014,9617.7011
Phones,93.528,CA-2017-156958,6/12/2017,First Class,PB-18805,Patrick Bzostek,Home Office,United States,Seattle,Washington,West,TEC-PH-10000148,Technology,Cyber Acoustics AC-202b Speech Recognition Stereo Headset,6.2352,12-5-2017,86.5134
Phones,935.928,CA-2015-137302,1/5/2015,Standard Class,BW-11110,Bart Watters,Corporate,United States,San Diego,California,West,TEC-PH-10003174,Technology,RCA ViSYS 25825 Wireless digital phone,62.3952,26-4-2015,974.925
Phones,9399.8,US-2015-128090,8/22/2015,Standard Class,JM-15865,John Murray,Consumer,United States,Phoenix,Arizona,West,TEC-PH-10002624,Technology,Samsung Galaxy S4 Mini,375.992,16-8-2015,9611.2955
Phones,943.84,CA-2014-157609,3/21/2014,Second Class,KN-16705,Kristina Nunn,Home Office,United States,Raleigh,North Carolina,South,TEC-PH-10002415,Technology,Polycom VoiceStation 500 Conference phone,94.384,16-3-2014,973.335
Phones,943.84,CA-2017-153822,9/25/2017,Standard Class,AB-10105,Adrian Barton,Consumer,United States,Phoenix,Arizona,West,TEC-PH-10002415,Technology,Polycom VoiceStation 500 Conference phone,94.384,19-9-2017,973.335
Phones,95.904,CA-2016-116974,10/15/2016,Standard Class,MP-17965,Michael Paige,Corporate,United States,Troy,Ohio,East,TEC-PH-10004897,Technology,Mediabridge Sport Armband iPhone 5s,9.5904,10-9-2016,80.3196
Phones,95.968,CA-2017-102337,6/16/2017,First Class,SD-20485,Shirley Daniels,Home Office,United States,Chicago,Illinois,Central,TEC-PH-10002564,Technology,OtterBox Defender Series Case - Samsung Galaxy S4,9.5968,13-6-2017,101.966
Phones,95.992,CA-2017-122077,5/25/2017,Standard Class,JF-15295,Jason Fortune-,Consumer,United States,Plano,Texas,Central,TEC-PH-10003811,Technology,Jabra Supreme Plus Driver Edition Headset,19.1984,19-5-2017,105.5912
Phones,959.84,CA-2015-106257,4/17/2015,Second Class,EB-14110,Eugene Barchas,Consumer,United States,Los Angeles,California,West,TEC-PH-10001494,Technology,Polycom CX600 IP Phone VoIP phone,95.984,13-4-2015,1001.833
Phones,97.146,CA-2014-122882,9/13/2014,Standard Class,SB-20290,Sean Braxton,Corporate,United States,Philadelphia,Pennsylvania,East,TEC-PH-10003589,Technology,invisibleSHIELD by ZAGG Smudge-Free Screen Protector,12.9528,9-7-2014,101.4636
Phones,971.88,CA-2015-131884,6/12/2015,Same Day,DK-13375,Dennis Kane,Consumer,United States,Marion,Ohio,East,TEC-PH-10001578,Technology,Polycom SoundStation2 EX Conference phone,194.376,12-6-2015,882.791
Phones,971.928,CA-2014-103989,3/21/2014,First Class,MC-17605,Matt Connell,Corporate,United States,Lakeland,Florida,South,TEC-PH-10004667,Technology,Cisco 8x8 Inc. 6753i IP Business Phone System,64.7952,19-3-2014,1000.2759
Phones,971.928,CA-2014-169446,12/25/2014,Standard Class,SG-20605,Speros Goranitis,Consumer,United States,Chicago,Illinois,Central,TEC-PH-10002817,Technology,RCA ViSYS 25425RE1 Corded phone,64.7952,19-12-2014,1008.3753
Phones,971.928,CA-2017-132353,9/17/2017,First Class,DB-13060,Dave Brooks,Consumer,United States,Chicago,Illinois,Central,TEC-PH-10004536,Technology,Avaya 5420 Digital phone,64.7952,15-9-2017,992.1765
Phones,971.946,US-2015-147662,2/19/2015,Standard Class,KB-16315,Karl Braun,Consumer,United States,Akron,Ohio,East,TEC-PH-10002834,Technology,Google Nexus 5,129.5928,14-2-2015,890.9505
Phones,979.072,CA-2016-113845,11/25/2016,Standard Class,FA-14230,Frank Atkinson,Corporate,United States,Orlando,Florida,South,TEC-PH-10003357,Technology,Grandstream GXP2100 Mainstream Business Phone,48.9536,20-11-2016,1003.5488
Phones,979.072,US-2015-163433,4/22/2015,Second Class,MP-17965,Michael Paige,Corporate,United States,Mcallen,Texas,Central,TEC-PH-10003357,Technology,Grandstream GXP2100 Mainstream Business Phone,48.9536,18-4-2015,1003.5488
Phones,979.608,US-2015-156496,8/16/2015,Standard Class,WB-21850,William Brown,Consumer,United States,Redmond,Oregon,West,TEC-PH-10004188,Technology,OtterBox Commuter Series Case - Samsung Galaxy S4,27.9888,8-10-2015,948.1206
Phones,979.8,CA-2017-145765,2/6/2017,Standard Class,CM-11815,Candace McMahon,Corporate,United States,Phoenix,Arizona,West,TEC-PH-10001305,Technology,Panasonic KX TS208W Corded phone,39.192,28-5-2017,999.396
Phones,979.8,CA-2017-166919,11/27/2017,Standard Class,AH-10210,Alan Hwang,Consumer,United States,Dallas,Texas,Central,TEC-PH-10001305,Technology,Panasonic KX TS208W Corded phone,39.192,23-11-2017,999.396
Phones,986.328,CA-2014-104738,1/1/2015,Second Class,SP-20620,Stefania Perrino,Corporate,United States,Laredo,Texas,Central,TEC-PH-10000576,Technology,AT&T 1080 Corded phone,65.7552,30-12-2014,1015.0959
Phones,99,CA-2015-103716,6/5/2015,Standard Class,KB-16585,Ken Black,Corporate,United States,San Francisco,California,West,TEC-PH-10000347,Technology,Cush Cases Heavy Duty Rugged Cover Case for Samsung Galaxy S5 - Purple,3.96,30-4-2015,100.7325
Phones,99.232,CA-2017-114370,3/17/2017,Second Class,BN-11470,Brad Norvell,Corporate,United States,Chicago,Illinois,Central,TEC-PH-10000213,Technology,Seidio BD2-HK3IPH5-BK DILEX Case and Holster Combo for Apple iPhone 5/5s - Black,9.9232,14-3-2017,104.1936
Phones,99.232,US-2017-112347,6/12/2017,Standard Class,BS-11380,Bill Stewart,Corporate,United States,Denver,Colorado,West,TEC-PH-10000213,Technology,Seidio BD2-HK3IPH5-BK DILEX Case and Holster Combo for Apple iPhone 5/5s - Black,9.9232,12-2-2017,104.1936
Phones,9919.84,CA-2017-160885,6/12/2017,Standard Class,JK-16090,Juliana Krohn,Consumer,United States,Omaha,Nebraska,Central,TEC-PH-10001795,Technology,ClearOne CHATAttach 160 - speaker phone,0,12-2-2017,10663.828
